2248 3828
798 1344 1336 1416 Praefatio.

280 1591 438 1654 Quod
478 1593 533 1645 in
573 1595 763 1664 quovis
790 1594 1045 1649 historiae
1082 1612 1282 1666 genere
1310 1595 1698 1664 observaveriS,
1733 1613 1818 1651 res
1854 1597 2002 1669 ipsas

116 1701 398 1740 causarum
432 1703 577 1740 nexu
613 1689 767 1759 quasi
805 1689 1039 1760 quodam
1063 1690 1306 1764 interiori
1346 1690 1563 1743 vinculo
1601 1689 1746 1743 inter
1784 1707 1843 1744 se
1880 1708 2002 1746 esse

112 1779 450 1849 coniunctaS,
500 1780 556 1833 id
607 1782 693 1836 vel
749 1783 986 1836 maxime
1035 1783 1091 1836 in
1153 1782 1529 1854 philosophiae
1590 1783 1816 1838 historia
1885 1784 2000 1838 ani-

112 1861 383 1927 madverti
419 1891 528 1928 non
564 1878 648 1928 est
682 1874 826 1946 quod
858 1876 1129 1930 miremur.
1204 1876 1522 1948 Philosophi
1555 1876 1696 1930 enim
1723 1881 1824 1946 est,
1860 1894 2000 1949 quae

114 1965 213 2019 alii
250 1966 340 2020 vel
379 1967 586 2038 priores
624 1969 712 2022 vel
750 1970 1005 2041 aequales
1043 1974 1395 2024 construxere
1433 1972 1765 2041 systemata,
1815 1987 2000 2024 eorum

113 2075 227 2111 non
277 2060 451 2114 solum
509 2062 870 2132 cognitionem
910 2081 973 2117 ac
1009 2062 1274 2117 rationem
1307 2061 1542 2131 habere,
1603 2080 1790 2117 verum
1835 2064 1998 2118 etiam

119 2151 230 2206 vim
266 2151 583 2223 diiudicare,
626 2156 756 2227 quid
782 2156 914 2224 veri,
954 2156 1083 2228 quid
1107 2157 1230 2210 falsi
1269 2157 1515 2211 doceant.
1570 2156 1659 2211 Ita
1684 2173 1809 2211 vero
1837 2175 1998 2230 quum

109 2246 360 2301 instituat
398 2265 531 2316 rem,
569 2248 728 2302 facile
766 2250 963 2316 evenit,
998 2255 1060 2303 ut
1093 2255 1147 2304 et
1184 2250 1301 2322 ipse
1339 2250 1608 2304 nonnullis
1640 2267 1771 2322 prae
1805 2252 1997 2305 ceteris

105 2340 282 2411 mag-is
326 2340 512 2396 faveat
560 2342 895 2415 philosophis
946 2361 1236 2416 eorumque
1286 2344 1519 2413 vestigia
1568 2349 1796 2416 premat.
1872 2344 1994 2398 Tali

104 2433 268 2488 modo
301 2439 600 2507 systemata
636 2437 1016 2509 philosophica
1054 2437 1171 2491 fieri
1207 2456 1317 2492 non
1348 2442 1530 2508 potest
1569 2438 1697 2509 quin
1750 2443 1845 2491 aut
1883 2437 1992 2493 alia

103 2527 173 2582 ab
213 2528 332 2582 aliis
369 2529 776 2600 proficiscantur
825 2535 920 2584 aut
972 2532 1090 2585 aliis
1149 2531 1256 2585 alia
1315 2531 1700 2602 compleantur.
1769 2531 1994 2586 Versari

107 2624 292 2676 autem
339 2621 397 2675 in
446 2625 745 2678 tractandis
800 2625 1179 2697 philosophiae
1229 2625 1519 2695 generibus
1565 2625 1645 2679 ita
1662 2665 1676 2694 ,
1740 2628 1802 2678 ut
1833 2626 1993 2678 simul

110 2731 299 2771 eorum
335 2716 476 2771 inter
513 2735 572 2772 se
609 2719 1012 2773 cohaerentiam
1048 2719 1459 2790 perspiciamus,
1501 2720 1832 2790 permultum
1870 2736 1995 2773 con-

105 2808 212 2863 fert
261 2814 379 2863 tum
428 2810 500 2865 ad
557 2812 857 2867 acuendum
908 2815 1154 2867 nostrum
1212 2812 1490 2884 ingenium
1538 2817 1655 2866 tum
1691 2812 1762 2866 ad
1798 2813 1986 2884 expla-

102 2903 286 2958 nanda
333 2905 778 2976 philosophorum
827 2909 1137 2978 systemata.
1209 2905 1327 2959 Iam
1384 2922 1513 2960 vero
1560 2904 1826 2960 Kantium
1860 2905 1992 2959 mihi

107 2996 324 3068 quidem
364 2998 504 3069 elegi
537 2999 919 3071 philosophum
957 3017 1060 3071 quo
1111 2999 1410 3069 significavi
1446 2998 1606 3054 modo
1632 2999 1991 3071 interpretan-

104 3089 248 3160 dum,
287 3095 349 3145 ut
379 3095 755 3160 philosophiae
789 3096 1096 3145 Kantianoe
1121 3097 1347 3161 quaesit
1380 3097 1642 3146 conneaeio
1683 3104 1734 3146 et
1764 3098 1992 3162 propin-

104 3187 278 3252 quitas
316 3203 431 3257 cum
477 3188 821 3254 philosophia
858 3188 1268 3255 Francoyalliae
1308 3193 1360 3238 et
1397 3187 1625 3254 Anyliae
1658 3187 1844 3240 XVIII
1874 3204 1992 3239 sae-

104 3280 211 3330 culi
248 3282 525 3349 appareat.
600 3277 782 3351 Atque
819 3279 989 3333 tribus
1026 3296 1138 3333 rem
1176 3277 1445 3350 capitibus
1494 3278 1780 3334 absolvere
1819 3278 1990 3348 lubet,

103 3370 180 3423 ita
215 3370 428 3442 quidem
466 3376 528 3425 ut

1621 3465 1642 3512 1
