2248 3828
1104 148 1174 202 24

200 288 660 362 supersedeamuS,
701 306 862 360 quum
905 307 1219 360 persuasum
1275 290 1428 345 nobis
1481 309 1598 346 esse
1647 293 1905 364 sufficiat,
1941 295 2080 349 hanc

192 382 554 437 definitionem
604 387 658 435 et
713 382 979 436 communi
1027 383 1172 437 vocis
1223 384 1343 437 usui
1400 402 1559 455 quam
1612 385 2078 441 vehementissime

188 490 493 546 repugnare
536 492 711 546 neque
750 491 870 527 cum
919 474 1098 528 studio
1138 476 1380 530 veritatis
1430 477 1838 549 investigandae
1887 496 2077 534 conve-

186 567 331 635 nire,
372 566 622 638 quoniam
658 567 734 619 ita
769 567 970 622 veritas
993 569 1208 622 omnino
1234 587 1333 640 per
1371 587 1428 623 se
1451 575 1862 640 cognosceretur
1885 572 2078 627 omnis-

189 676 293 730 que
352 660 467 713 eius
514 659 868 714 inveniendae
924 677 1088 732 opera
1141 679 1540 734 supervacanea
1596 664 1748 718 foret.
1803 663 2076 721 Gravioris

188 769 316 806 vero
348 753 606 806 momenti
645 758 742 822 est,
785 753 927 824 quod
946 754 1081 808 haec
1119 754 1355 810 definitio
1379 758 1647 828 privativa
1671 758 1727 812 in
1757 762 1927 812 totam
1956 759 2075 813 eius

183 845 585 917 philosophiam
609 845 997 902 moderandam
1032 849 1263 905 valebat.
1338 850 1479 905 Nam

368 945 419 1004 1)
458 938 750 993 secundum
788 939 1053 994 eiusmodi
1085 941 1447 997 definitionem
1471 944 1703 999 hominis
1738 944 1932 1016 „Ego“
1960 947 2076 1000 sola

191 1036 274 1085 est
311 1032 602 1086 auctoritas
641 1048 778 1103 quae
804 1032 860 1085 in
886 1050 1064 1088 rerum
1103 1034 1454 1090 universitate
1486 1038 1672 1109 pollet,
1712 1038 1864 1110 quasi
1899 1038 2078 1093 divina

190 1125 427 1179 essentia
462 1126 814 1197 potentiaque
850 1126 1128 1198 praedita3
1167 1145 1344 1182 rerum
1364 1130 1700 1201 politicarum
1721 1135 1776 1185 et
1801 1131 2080 1186 ecclesias-

183 1218 411 1272 ticarum
449 1219 579 1272 ordo
619 1219 974 1290 subvertitur3
1010 1221 1229 1276 dissidia
1268 1225 1598 1294 singulorum
1635 1225 1776 1280 inter
1812 1241 1871 1280 se
1906 1225 2077 1280 homi-

184 1329 314 1366 num
361 1312 489 1384 quin
539 1313 840 1367 excitentur
890 1315 1007 1369 fieri
1049 1333 1158 1370 non
1203 1322 1387 1389 potest
1434 1349 1493 1357 ——
1549 1319 1800 1390 quoniam
1851 1318 2076 1391 quodvis

183 1404 451 1459 obiectum
505 1410 559 1459 et
594 1406 738 1478 quod
791 1408 841 1462 ei
891 1408 1130 1463 subiacet
1181 1406 1275 1464 ens
1322 1411 1470 1465 reale
1509 1412 1669 1465 omni·
1690 1412 1874 1466 valore
1912 1411 2075 1466 desti-

180 1499 349 1552 tuitur
398 1504 585 1571 totque
635 1501 849 1555 omnino
901 1506 1026 1556 sunt
1074 1504 1328 1558 veritates
1381 1510 1518 1577 quot
1567 1505 1778 1561 diversa
1835 1505 2076 1560 subiecta

184 1596 419 1664 quotque
459 1592 655 1649 diversi
692 1594 935 1649 eiusdem
967 1596 1191 1652 subiecti
1228 1602 1431 1668 status3
1473 1602 1587 1651 tum
1777 1639 1780 1641 >

364 1687 418 1756 2)
457 1687 552 1741 illa
587 1687 823 1743 definitio
863 1689 932 1742 ad
968 1690 1134 1743 ullam
1175 1691 1335 1744 aliam
1365 1696 1581 1763 praeter
1619 1692 1919 1746 subiectum
1954 1710 2074 1748 rea-

181 1780 389 1834 litatem
427 1782 809 1853 acquirendam
846 1801 943 1837 nos
988 1784 1286 1855 provehere
1339 1786 1553 1857 nequit,
1593 1803 1756 1858 quum
1794 1786 1876 1840 sui
1906 1786 2070 1859 ipsius

180 1874 404 1946 quisque
441 1876 802 1946 cognitionem
841 1872 1100 1949 superare
1135 1897 1243 1932 non
1279 1880 1467 1951 possit.

341 1967 497 2023 Haec
563 1986 742 2023 omma
758 1960 779 2037 ‚'
844 1988 982 2042 quae
1031 1972 1181 2026 illam
1236 1972 1603 2027 definitionem
1653 1973 2069 2045 subsequuntur,

170 2061 545 2135 philosophiae
571 2064 880 2120 Kantianae
917 2065 1157 2121 indolem
1199 2084 1262 2120 ac
1287 2071 1537 2120 naturam
1570 2069 1845 2141 propriam
1880 2073 2068 2186 aperte

170 2156 567 2228 significabant.
1867 2176 1869 2181 ·
2061 2177 2063 2180 ⁴

351 2250 472 2305 Iam
503 2269 630 2307 vero
672 2253 814 2324 quod
853 2252 922 2306 ad
958 2253 1107 2306 illam
1145 2252 1517 2308 definitionem
1557 2255 1768 2324 attinet,
1803 2253 2064 2310 Kantium

167 2344 398 2415 primum
455 2363 573 2399 eam
624 2347 699 2402 sic
747 2347 1056 2419 concepisse
1105 2364 1214 2401 non
1275 2365 1554 2418 negamuS.
1628 2347 1888 2403 Attamen
1939 2348 2052 2403 eius

176 2438 411 2511 vestigia
458 2440 567 2493 iam
623 2441 770 2513 apud
815 2441 1082 2495 Lockium
1131 2442 1444 2513 reperimus.
1534 2441 1678 2496 Nam
1715 2445 1771 2496 et
1804 2441 1891 2496 hic
1927 2443 2064 2497 veri-

168 2533 293 2586 tatis
334 2537 388 2586 et
423 2534 686 2589 realitatis
727 2535 989 2589 ambitum
1026 2536 1104 2588 ita
1143 2539 1541 2605 coarctaverat,
1580 2540 1640 2589 ut
1678 2535 1878 2590 veritas
1919 2542 2064 2591 esset

170 2631 546 2680 convenientia
584 2631 863 2683 verborum
902 2648 1016 2683 cum
1038 2631 1421 2699 siqnificandis
1458 2633 2061 2700 repraesentationibus,

166 2719 350 2792 itaque
392 2721 663 2793 analytica
721 2721 976 2776 evaderet
1013 2725 1069 2777 et
1117 2722 1417 2777 subiectiva
1441 2725 1495 2793 ¹).
1574 2723 1841 2780 Nimirum
1895 2725 2066 2799 igitur

164 2813 309 2884 apud
365 2831 487 2868 eum
535 2804 981 2887 deprehendimus
1034 2817 1199 2872 verba
1216 2858 1230 2886 ,
1288 2817 1482 2888 quibus
1530 2818 1816 2898 veritatem
1872 2821 2054 2892 cogni-

156 2895 472 2979 tionemque
508 2910 643 2963 nihil
681 2910 791 2964 aliu
814 2910 849 2963 d
890 2928 1007 2966 esse
1045 2911 1236 2964 innuat
1271 2911 1375 2965 nisi
1414 2911 1767 2966 subiectivum
1799 2913 2059 2969 riudicium

165 3000 415 3069 logicum,
456 3021 505 3056 v.
545 3020 597 3072 g
613 3003 686 3072 2).

317 3093 584 3166 „Puisque
619 3096 824 3167 l’esprit
857 3097 910 3149 n'
914 3115 947 3151 a
983 3098 1134 3169 point
1175 3097 1381 3153 d'autre
1413 3060 1565 3153 ohiet
1601 3097 1669 3154 de
1706 3116 1791 3154 ses
1826 3098 2056 3171 pensees

334 3333 380 3389 1)
413 3334 469 3376 cf.
508 3333 720 3378 Tennem.
750 3335 780 3378 1.
817 3350 852 3380 c.
884 3351 991 3394 pag.
1022 3337 1103 3394 733
1138 3363 1191 3371 —-
1224 3340 1367 3387 Lock.
1394 3342 1423 3386 l.
1443 3355 1495 3388 .c.
1527 3341 1624 3386 livr.
1669 3342 1751 3390 IV.
1786 3343 1917 3402 chop.
1951 3344 1978 3403 S
2010 3343 2051 3390 2.

329 3411 375 3468 2)
407 3412 499 3460 vid.
528 3413 672 3462 Lock.
704 3415 736 3462 l.
767 3428 804 3459 c.
836 3415 935 3461 livr.
966 3418 1048 3464 IV.
1082 3419 1211 3477 chap.
1248 3422 1288 3469 Ι,
1319 3423 1343 3474 §
1373 3421 1434 3468 1..
