2248 3828
1082 129 1154 184 86

178 273 303 330 falsi
339 274 627 330 axiomatis
663 274 1129 332 consecutionibus
1165 277 1220 332 in
1259 276 1373 334 dies
1411 276 1595 346 magis
1636 276 1902 344 evehitis,
1950 275 2067 344 Ha,-

177 367 313 420 mius
352 367 571 422 tandem
611 385 822 421 omnem
860 370 1143 423 veritatem
1176 369 1539 423 labefactavit.
1594 368 1833 433 Kantius
1851 368 2065 441 quidem

186 460 291 512 iarn
329 461 408 514 ita
457 461 526 514 ab
573 462 677 515 illis
737 461 1017 531 abhorret,
1065 466 1126 515 ut
1175 463 1494 534 cognitionis
1545 464 1775 516 formam
1820 481 1854 517 a
1902 463 2065 534 priori

180 569 300 607 esse
329 553 485 607 nobis
520 555 734 608 insitam
774 559 1009 624 statuat,
1060 556 1156 610 sed
1194 556 1297 610 hoc
1346 558 1462 627 ipso
1514 556 1645 609 nihil
1679 555 1828 610 aliud
1865 556 2058 625 effecit,

178 662 338 717 quam
371 650 432 700 ut
469 649 833 719 empirismum
864 666 897 702 a
931 649 1096 720 priori
1146 649 1423 716 induceret
1471 652 1654 722 itaque
1710 666 1894 703 omnes
1949 668 2064 703 em-

176 738 381 808 pirismi
430 756 639 795 errores
692 742 1201 815 consecutionesque
1250 744 1623 816 philosophiae
1661 759 1796 797 suae
1846 743 2064 797 coniun-

181 832 307 886 ctim
343 833 643 905 implicaret
679 839 735 890 et
771 837 1206 907 aposterioricarn
1245 838 1407 892 animi
1444 839 1499 893 in
1539 838 1698 892 rebus
1739 853 2065 907 cognoscen-

175 924 257 978 dffis
294 925 714 982 imbecillitatem
730 968 745 997 ,
796 946 959 1001 quarn
1014 935 1286 1001 postremo
1339 931 1572 986 Humius
1622 935 1767 985 statu
1778 934 1893 984 erat
1907 971 1921 1000 ,
1973 947 2066 984 ex-

175 1016 438 1087 plicandis
474 1018 638 1072 animi
686 1014 867 1075 nostri*
904 1022 1089 1077 vacuis
1138 1022 1322 1077 formis
1369 1041 1402 1077 a
1455 1023 1623 1095 priori*
1675 1023 2063 1096 comprobaret.

176 1108 410 1164 Kantius
455 1111 618 1182 igitur
674 1112 791 1168 fieri·
844 1131 952 1169 non
1005 1132 1167 1187 posse
1218 1133 1252 1170 a
1301 1116 1468 1188 priori
1521 1116 1939 1188 demonstravit,
2003 1121 2064 1172 ut

170 1202 337 1257 ullam
371 1205 653 1260 veritatem
683 1207 917 1278 propriis
955 1209 1119 1262 animi
1156 1209 1358 1264 viribus
1411 1227 1803 1283 consequamur
1857 1229 1922 1267 ac
1968 1227 2065 1282 po-

175 1295 331 1352 sitive
371 1299 616 1354 evincere
653 1300 886 1371 studuit,
945 1302 1226 1373 veritates„
1280 1321 1412 1375 quas
1450 1304 1686 1360 Humius
1734 1323 1831 1377 per
1881 1322 2062 1360 conse-

173 1408 341 1463 quens
380 1396 594 1447 tantum
633 1397 923 1466 putaverat
957 1396 1191 1451 incertas
1239 1415 1384 1468 esse,
1435 1399 1649 1455 omnino
1706 1417 1803 1472 per
1853 1416 1912 1454 se
1957 1416 2066 1453 non

165 1502 330 1557 posse
359 1504 393 1540 a
435 1487 590 1541 nobis
627 1488 871 1560 intelligi.
948 1490 1134 1554 Quare
1169 1495 1226 1546 et
1260 1492 1377 1563 ipse
1431 1493 1706 1564 professus
1754 1496 1867 1562 est,
1913 1509 1971 1547 se
2008 1492 2067 1546 id

168 1579 361 1650 egisse,
393 1584 456 1634 ut
491 1582 618 1636 navi
657 1582 749 1651 (sc.
796 1582 1129 1654 empirismi),
1169 1574 1330 1656 quam
1362 1585 1594 1641 Humius
1629 1587 1685 1642 in
1734 1585 2055 1660 scepticismi

164 1672 314 1726 littus
352 1674 666 1745 appulisset,
705 1675 798 1729 ubi
833 1676 944 1731 iam
974 1677 1030 1731 in
1067 1694 1131 1732 eo
1171 1683 1330 1749 esset,
1367 1682 1429 1733 ut
1449 1683 1798 1751 putresceret,
1832 1685 2053 1736 nautam

166 1766 483 1838 praeficeret
519 1768 701 1835 talem,
743 1769 833 1841 qui
868 1770 1106 1825 universi
1142 1773 1307 1825 maris
1336 1773 1529 1828 notitia
1579 1779 1636 1828 et
1683 1774 1886 1847 pyxide
1921 1792 2054 1830 nau-

165 1861 275 1914 tica
343 1863 678 1931 exstructus,
737 1863 1033 1935 exploratis
1089 1865 1498 1936 gubernationis
1563 1867 1837 1940 principiis
1907 1886 2054 1939 asaei,

163 1953 312 2007 illam
374 1953 631 2026 diri-geret
698 1955 1005 2029 ubicunque
1076 1958 1312 2027 vellet1).
1367 1995 1432 2002 —
1502 1959 1710 2023 Quibus
1770 1962 2057 2035 allegorice

165 2047 322 2102 dictis
359 2047 418 2102 id
455 2050 785 2121 expressisse
819 2049 1054 2121 videtur,
1094 2068 1154 2107 se
1189 2052 1389 2108 directe
1441 2057 1496 2108 et
1543 2055 1773 2126 positive
1823 2056 1902 2111 ita
1936 2057 2056 2129 phi-

165 2141 464 2213 losophiam
523 2160 678 2197 suam
738 2143 1060 2215 instituisse,
1135 2149 1197 2199 ut
1264 2146 1592 2202 dimetienda
1650 2149 1816 2203 animi
1883 2149 2057 2203 nostri

168 2235 432 2306 apriorica
467 2239 663 2290 natura
701 2238 1035 2308 ostenderet,
1088 2239 1300 2294 obiecta
1338 2245 1393 2294 et
1428 2242 1812 2313 psychologiae
1865 2247 1922 2297 et
1957 2243 2055 2297 ko-

179 2330 470 2400 smologaeiae
523 2334 579 2386 et
611 2330 919 2402 theologiae
951 2333 1231 2391 rationalis
1261 2334 1620 2406 intelligentia
1643 2331 1828 2391 nostra
1864 2337 2058 2407 attingi

169 2440 279 2477 non
314 2440 488 2494 posse.
563 2425 758 2496 Itaque
806 2426 941 2482 inde:
984 2443 1107 2482 eum
1157 2428 1456 2499 profectum
1519 2445 1639 2484 esse
1689 2429 2058 2485 existimamus

173 2529 297 2570 cum
309 2512 634 2576 Reinholdio
653 2515 713 2586 2),
755 2519 816 2570 ut
842 2534 1047 2572 errores
1067 2519 1380 2590 empirismi,
1417 2519 1701 2591 idealismi,
1738 2525 2059 2595 sceptioismi

167 2604 400 2678 denique
432 2625 566 2666 suae
602 2607 879 2676 doctrinae
915 2611 1255 2669 immisceret.

1037 2773 1193 2819 11⁷1.

336 2865 522 2922 Kantii
555 2868 853 2925 doctrinam
891 2870 1037 2929 omni
1067 2871 1296 2926 veritate
1338 2872 1604 2934 obiectiva
1624 2893 1724 2930 nos
1750 2876 2056 2933 destituisse

169 2957 303 3025 satis
341 2977 604 3034 superque
625 2963 869 3018 vidimus.
926 2965 1121 3037 Itaque
1154 2970 1279 3038 apte
1300 2966 1426 3022 dicit
1444 2968 1691 3024 Iacobius
1705 2971 1776 3039 3):
1837 2971 2061 3042 „Kantii

168 3051 229 3105 τό
285 3048 344 3106 ὅν
401 3054 535 3112 nihil
574 3056 721 3111 aliud
756 3075 873 3114 esse
929 3058 1034 3113 nisi
1079 3059 1354 3116 notionem
1402 3079 1613 3133 vanam,
1670 3065 1755 3120 cui
1793 3065 2060 3123 obiectum

341 3269 386 3326 1]
417 3270 553 3315 Kant.
587 3275 898 3333 „prolegom.“
929 3293 1033 3337 pag.
1065 3280 1136 3326 17.

340 3349 387 3404 2)
420 3351 476 3393 cf.
509 3351 670 3398 Reinh.
701 3355 730 3398 1.
762 3369 800 3399 c.
832 3359 940 3402 tom.
969 3359 1029 3402 II.
1062 3374 1165 3418 pag.
1197 3361 1267 3407 69.

341 3429 390 3482 3)
419 3429 575 3478 Iacob.
607 3446 729 3489 oper.
763 3437 870 3479 tom.
903 3437 983 3482 IV.
1013 3453 1115 3495 pag.
1151 3441 1220 3486 37.
