2248 3828
986 196 1058 247 «41

86 334 432 405 perspectum
468 333 575 388 iam
610 332 891 405 habemus,
927 334 1091 391 etiam
1129 353 1199 390 ex
1234 338 1340 393 hac
1375 342 1531 411 parte
1576 339 1811 411 aliquam
1849 357 1968 395 cum

88 441 158 480 eo
195 441 324 494 esse,
344 426 758 502 necessitudinis
790 427 1074 484 rationem.
1145 430 1264 485 Iam
1299 431 1372 486 ad
1408 433 1620 504 singula
1657 432 1971 488 accedamus

84 517 498 596 perstringenda
534 519 882 577 connexionis
916 524 1205 586 momenta.

912 679 1143 721 xvnl.

261 784 443 840 Primo
479 802 656 840 rerum
694 785 886 839 obtutu
924 790 1166 858 apparet,
1205 786 1464 841 Kantium
1481 830 1494 855 ,
1552 807 1714 861 quum
1757 789 1968 844 theore-

91 876 198 930 tica
231 894 331 931 sua
376 878 718 950 philosophia
772 895 841 931 ne
891 876 1057 931 ullam
1107 879 1322 949 quidem
1380 882 1662 936 veritatem
1712 883 1972 936 obiective

82 973 287 1023 certam
323 970 640 1040 invenisset,
686 971 788 1024 nisi
826 970 895 1024 ab
935 971 1114 1042 aliquo
1163 971 1416 1042 dogmate
1469 975 1779 1046 accipiendo
1827 975 1971 1029 viam

22 1129 27 1134 ⁸
77 1063 193 1116 iam·
221 1080 334 1117 non
365 1064 605 1136 potuisse
639 1067 840 1135 petere.
918 1063 1076 1127 Quod
1114 1068 1169 1118 et
1201 1081 1397 1120 revera
1446 1067 1647 1121 factum
1696 1074 1793 1122 est.
1874 1068 1971 1123 Vi-

89 1154 206 1210 deri
241 1155 527 1211 eni'm'non
562 1161 758 1228 potest,
799 1174 903 1229 quo
943 1157 1084 1211 iusto
1124 1159 1607 1229 argumentationis
1644 1160 1798 1215 titulo
1824 1161 1972 1215 Kan-

84 1249 200 1303 tius
234 1263 497 1303 summam
533 1251 711 1321 legem
744 1250 1005 1304 moralem
1044 1251 1318 1306 evolverit.
1392 1252 1509 1306 Imo
1565 1271 1726 1324 quum
1777 1255 1972 1308 rationi

83 1358 183 1414 pro
217 1359 314 1398 suo
344 1343 751 1399 subiectivismo
805 1344 1067 1416 praebere
1105 1362 1214 1398 non
1249 1349 1458 1415 posset,
1495 1346 1638 1400 unde
1674 1348 1783 1400 vim
1820 1365 1972 1418 prac-

82 1436 244 1491 ticam
281 1440 532 1505 sumeret,
570 1435 822 1506 Kantius‚
872 1437 1082 1492 inverso
1122 1454 1299 1491 rerum
1339 1438 1539 1507 ordine,
1559 1439 1806 1510 petitioni
1829 1441 1975 1511 prin—

85 1527 211 1600 cipii
246 1542 366 1584 sese
400 1528 682 1600 implicans
727 1529 867 1582 hanc
903 1530 1013 1585 vim
1052 1528 1354 1599 dogmatice
1392 1531 1442 1585 ei
1478 1530 1783 1586 vindicavit.

264 1620 343 1676 At
377 1639 508 1677 vero
545 1623 656 1676 iam
692 1621 927 1676 Humius
967 1640 1091 1677 eum
1128 1625 1444 1693 antecessit,
1499 1626 1590 1697 qui
1639 1625 1968 1680 existimaret

82 1715 263 1770 vitam
302 1733 420 1770 esse
453 1715 839 1771 instituendam
890 1734 954 1770 ac
1004 1716 1340 1787 dirigendam
1386 1717 1456 1771 ad
1504 1736 1744 1772 normam
1787 1736 1972 1773 earum

89 1809 396 1880 veritatum,
436 1826 570 1882 quas
608 1809 939 1864 consuetudo
972 1810 1005 1865 i.
1061 1828 1107 1864 e.
1157 1828 1335 1864 rerum
1378 1814 1572 1865 natura
1610 1816 1664 1865 et
1699 1811 1975 1866 hominum

90 1904 230 1958 inter
279 1921 339 1958 se
386 1903 721 1959 conditiones
776 1908 837 1957 ut
889 1905 1193 1958 necessario
1241 1905 1542 1976 sequendas
1597 1907 1975 1977 praeciperent,

85 1997 274 2070 itaque
309 1982 645 2052 necessitatis
678 1998 816 2051 ratio
855 2002 1115 2069 tanquam
1153 1997 1410 2070 dogmata
1442 1998 1618 2068 rigida
1667 2004 1722 2052 et
1775 1999 1969 2052 immu-

98 2090 287 2146 tabilia
322 2091 478 2146 nobis
514 2096 842 2163 proponeret
864 2097 921 2158 ¹).
1849 2131 1856 2137 .

265 2185 515 2239 Praetica
585 2184 752 2255 igitur
818 2184 1161 2256 philosophia
1227 2185 1504 2240 Kantiana
1559 2184 1973 2256 dogmatismum

90 2278 252 2352 sapit,
291 2277 376 2333 cui
412 2278 591 2333 eidem
629 2279 687 2332 in
724 2279 885 2350 praxi
923 2277 1171 2332 addictus
1209 2284 1327 2334 erat
1367 2278 1616 2332 Humius.

265 2371 410 2426 Dein
445 2389 766 2444 persuasum
813 2372 1095 2442 habemus,
1146 2372 1408 2426 Kantium
1458 2372 1786 2443 singularum
1834 2371 1972 2425 inter

32 2461 35 2467 ’
90 2481 152 2520 se
176 2465 479 2522 ‘veritatum
529 2467 892 2521 necessariam
944 2466 1335 2521 connexionem
1393 2484 1501 2519 non
1550 2465 1678 2518 satis
1732 2481 1976 2535 compro-

90 2558 321 2615 bavisse.
401 2559 583 2622 Quare
621 2565 739 2615 tota
778 2562 891 2615 eius
929 2560 1316 2615 demonstratio
1349 2563 1544 2627 rueret,
1581 2558 1682 2611 nisi
1720 2557 1975 2611 maiorem

93 2653 204 2708 vim
241 2671 276 2708 a
309 2655 588 2709 communi
627 2656 865 2708 omnium
900 2655 1031 2725 fide,
1085 2672 1245 2725 quam
1296 2653 1363 2707 ab
1415 2651 1744 2722 argumentis
1794 2651 1971 2704 allatis

93 2746 407 2818 sumerem.
485 2748 627 2812 Quin
666 2749 830 2803 etiam
867 2749 986 2820 ipse
1020 2747 1252 2802 Kantius
1304 2746 1569 2813 declarat,
1625 2762 1785 2798 sensu
1838 2762 1980 2799 com-

87 2841 479 2896 muni‘tantum
529 2843 768 2915 potuisse
819 2843 1032 2913 profici,
1086 2843 1342 2912 quantum
1413 2839 1623 2892 ratione
1662 2837 1901 2909 practica
1914 2838 1978 2906 3).

87 2934 168 2990 At
204 2952 335 2990 vero
372 2938 487 2989 tum
522 2937 657 2990 nihil
689 2937 967 3005 habemus,
1007 2952 1100 2990 cur
1135 2934 1251 2988 eius
1276 2932 1670 3005 philosophiam
1721 2931 1981 2984 moralem

89 3029 366 3100 practicae
399 3027 587 3084 Humii
623 3030 897 3084 doctrinae
933 3029 1318 3100 praeferamus,
1360 3026 1558 3097 quippe
1601 3025 1691 3095 qui
1719 3040 1982 3094 quascun-

90 3139 194 3194 que
232 3141 423 3177 sensus
459 3124 757 3178 communis
794 3123 1095 3195 postularet
1128 3121 1384 3175 veritates
1443 3119 1500 3172 in
1548 3117 1706 3189 praxi
1762 3118 1798 3171 i.
1827 3133 1873 3171 e.
1911 3115 1982 3171 ad

178 3356 182 3363 ,
246 3299 617 3380 ·1)ὀ1.1ὶίιιι.1.
650 3339 687 3368 ο.
732 3323 889 3381 §1¹3-

260 3404 307 3460 2)
340 3405 396 3447 cf.
428 3404 579 3450 Platn.
610 3406 639 3448 l.
671 3419 707 3448 c.
742 3407 858 3460 part.
890 3404 912 3445 I
944 3401 1148 3445 Vorrede
1180 3414 1286 3457 pag.
1320 3400 1403 3444 VI.

262 3482 312 3539 3)
342 3483 434 3528 vid.
465 3483 601 3530 Kant.
633 3483 785 3529 Kritik
816 3483 857 3529 d.
890 3481 1046 3527 reinen
1075 3480 1212 3525 Vern.
1243 3493 1347 3536 pag.
1378 3476 1481 3529 858.
