2248 3828
1042 198 1106 252 21

143 339 425 409 mittat1);
468 345 526 394 at
561 339 618 394 id
658 341 819 394 ullius
857 343 1112 395 momenti
1151 358 1267 395 esse
1305 340 1507 412 nequit,
1541 341 1789 411 quoniam
1842 359 2026 395 secun-

147 430 275 485 dum
309 432 444 486 illud
483 433 698 487 axioma
733 430 836 486 hae
875 435 1209 504 cognitiones
1253 452 1349 505 per
1398 451 1454 487 se
1503 451 1675 486 vanae
1725 439 1779 486 et
1826 451 2026 486 vacuae

140 528 255 578 tum
289 524 504 579 demum
536 526 648 580 veri
688 526 814 596 quid
853 528 1142 595 continent,
1197 545 1359 597 quum
1403 543 1589 579 sensus
1637 526 1703 578 iis
1761 526 2027 580 obiectum

141 617 288 672 reale
324 619 686 689 praebuerint.

294 711 434 764 Tum
471 712 609 765 inter
646 711 904 764 Kantium
943 716 998 765 et
1033 711 1296 766 Lockium
1347 713 1449 766 hoc
1490 712 1768 766 discrimen
1819 712 2029 765 videtur

144 821 279 874 esse,
318 803 463 875 quod
498 803 582 855 hic
620 808 836 873 praeter
872 805 1155 858 materiam
1193 806 1351 859 etiam
1391 805 1592 858 realem
1654 806 1881 858 formam
1932 822 2027 857 na-

142 901 294 951 turae
329 896 634 963 vindicavit,
683 913 837 949 secus
887 895 1134 950 Kantius.
1222 897 1298 950 At
1349 899 1457 951 iam
1513 897 1743 950 Humius
1798 897 2029 950 maxime

155 989 259 1043 sibi
296 994 548 1044 constans
586 994 813 1043 naturae
861 990 1086 1043 formam
1134 996 1194 1044 ut
1241 991 1342 1061 ipsi
1390 991 1660 1062 propriam
1707 991 1760 1042 in
1814 989 2032 1043 dubium

149 1085 364 1138 vocavit
400 1088 562 1156 atque
600 1101 719 1137 eam
757 1083 1144 1138 consuetudine
1183 1084 1478 1138 subiectiva
1516 1083 1676 1136 rebus
1714 1084 1844 1153 ipsis
1881 1101 2030 1136 usur-

149 1176 267 1248 pari
290 1166 517 1249 putavit,
553 1176 630 1230 ita
659 1181 720 1230 ut
754 1177 955 1231 Humio
982 1178 1345 1231 intercedente
1382 1176 1617 1231 Lockius
1658 1175 1727 1228 ad
1766 1176 2025 1230 Kantium

146 1269 393 1340 proxime
426 1268 664 1322 accedat.

314 1363 595 1418 Postremo
634 1361 806 1415 videri
837 1361 996 1415 facile
1033 1367 1232 1433 potest,
1268 1361 1529 1415 Kantium
1567 1362 1621 1414 in
1641 1362 1733 1414 illo
1763 1360 2034 1414 axiomate

148 1455 439 1511 statuendo
486 1455 631 1509 idem
680 1471 932 1525 peccasse
993 1453 1134 1526 quod
1195 1453 1396 1508 Humio
1445 1454 1803 1525 exprobravit.
1895 1451 2036 1505 Nam

148 1549 305 1604 sicuti
341 1548 574 1603 Humius
615 1548 984 1619 quaestionem
1029 1548 1179 1600 illam
1234 1580 1295 1587 -
1350 1547 1616 1619 quomodo
1667 1545 1864 1600 iudicia
1911 1564 2034 1615 syn-

149 1642 350 1697 thetica
389 1642 654 1695 obiectiva
694 1659 726 1694 a
763 1641 928 1712 priori
966 1641 1184 1694 formari
1243 1645 1465 1711 possent
1522 1672 1588 1678 ——
1641 1657 1828 1710 parum
1879 1656 2035 1695 accu-

146 1723 263 1791 rate
297 1726 353 1790 et
389 1735 598 1789 ambitu
632 1735 772 1787 iusto
814 1734 1062 1787 strictiori
1103 1734 1280 1804 solvit,
1318 1733 1374 1787 id
1415 1733 1557 1805 quod
1593 1732 1827 1786 Kantius
1877 1750 2029 1803 mag-

146 1826 347 1903 nopere
382 1828 678 1900 vituperat3
717 1828 795 1881 ita
830 1827 916 1882 hic
948 1828 1066 1899 ipse
1104 1828 1331 1881 eandem
1376 1826 1743 1898 quaestionem
1770 1843 1864 1879 suo
1886 1825 2036 1879 axio-

147 1906 291 1975 fiiat‘e
323 1920 519 1995 finibus
575 1920 716 1974 iusto
770 1919 1087 1973 arctioribus
1152 1919 1535 1973 circumscribit
1591 1924 1752 1990 atque
1799 1919 1855 1972 in
1916 1935 2036 1971 eam

149 2013 435 2078 convertit:
476 2013 743 2085 quomodo
780 2012 982 2066 iudicia
1021 2017 1084 2065 de
1138 2016 1294 2066 rebus
1350 2016 1686 2066 sensibilibus
1735 2011 2037 2082 synthetica

149 2126 182 2162 a
213 2097 377 2179 pri‘ori
413 2105 634 2161 formari
671 2106 918 2160 debeant.
981 2105 1139 2168 Quod
1177 2106 1322 2178 apud
1355 2105 1651 2160 Rixnerum
1688 2085 1766 2158 ita
1790 2108 2036 2158 notatum

150 2199 600 2271 deprehendimus
621 2201 664 2262 2)
684 2218 695 2252 ε

195 2294 233 2302 ‘'
328 2294 514 2364 „Kant
549 2294 854 2364 begegnete
901 2292 990 2346 bei
1035 2293 1403 2364 Feststellung
1467 2291 1562 2345 des
1612 2290 1877 2362 Begriffes
1927 2286 2040 2341 und

150 2387 244 2442 des
277 2387 510 2443 Wesens
552 2387 648 2440 der
680 2387 1027 2458 Philosophie
1067 2386 1329 2454 dasselbe,
1391 2403 1501 2440 was
1541 2402 1598 2439 er
1635 2402 1703 2438 an
1742 2383 1924 2436 Hume
1958 2385 2040 2434 ta-

150 2481 313 2548 delte‚
350 2481 475 2536 dass
514 2498 590 2549 cr,
630 2484 834 2534 anstatt
871 2498 937 2534 zu
973 2480 1182 2550 frag-en,
1219 2496 1331 2534 was
1370 2480 1465 2534 wir
1498 2478 1801 2548 iiberhaupt
1821 2494 1854 2529 a
1879 2474 2042 2546 priori

150 2573 346 2629 wissen
383 2577 598 2645 mogem
639 2591 741 2627 nur
778 2573 975 2627 darauf
1008 2573 1122 2627 sich
1178 2572 1538 2627 beschrankte
1598 2589 1664 2624 zu
1700 2570 1906 2638 fragen,
1942 2566 2044 2620 wie

151 2667 513 2739 synthetische
550 2668 794 2721 Urtheile
831 2686 863 2720 a
900 2667 1064 2738 priori
1102 2667 1235 2722 iiber
1294 2668 1660 2736 Geyensta‘nde
1715 2666 1810 2716 der
1849 2663 2042 2727 Erfah-

152 2781 287 2832 runy
322 2762 557 2833 moglich
595 2766 794 2829 waren,
845 2760 1099 2815 wodurch
1155 2778 1213 2814 er
1260 2759 1356 2813 der
1407 2756 1679 2812 Vernunft
1730 2754 1817 2808 die
1865 2753 2043 2807 blosse

151 2843 464 2927 Erklarung
521 2855 616 2910 der
664 2855 1132 2924 Erfahrungswelt
1182 2854 1345 2907 aliein
1404 2854 1483 2905 als
1541 2848 1795 2919 Aufgabe
1842 2846 2042 2901 anwies

160 2948 268 3002 und
305 2948 389 3002 ihr
426 2948 564 3003 auch
614 2948 914 3002 anderseits
970 2947 1076 3001 alle
1132 2945 1487 3017 Moglichkeit
1537 2943 1633 2997 der
1683 2938 2043 2994 Erkenntniss

165 3036 260 3096 des
293 3040 777 3095 Uebersinnlichen
817 3041 1133 3111 absprach.“

327 3310 378 3367 1)
408 3312 566 3356 Kantii
599 3311 782 3367 „Kritik
826 3312 905 3354 der
950 3311 1101 3354 reinen
1135 3309 1405 3363 Veruunft“‚
1435 3322 1535 3365 pag.
1567 3307 1697 3353 3-6.

327 3391 379 3447 2)
413 3391 469 3434 cf.
502 3391 634 3435 Rixn.
660 3392 689 3437 l.
722 3405 758 3435 c.
789 3392 814 3448 S
845 3391 946 3436 137.
