2248 3828
1090 155 1153 207 10

163 300 518 372 perniciosam
551 304 611 355 ut
644 298 887 353 ¹haberet
923 297 1151 351 multum
1196 296 1388 352 abfuit.
1444 295 1520 350 Hi
1557 295 1700 350 enim
1737 312 1845 349 non
1876 294 2058 353 iactu-

164 411 278 447 ram
314 381 556 447 fecerunt
592 391 837 446 idearum
875 389 1383 462 metaphysicarum,
1422 388 1519 444 sed
1556 387 1738 459 magni
1767 405 1860 443 eas
1888 404 2057 460 usque

168 485 434 540 habentes
475 484 847 551 elaborarunt,
894 487 955 536 ut
1004 500 1095 538 eas
1134 499 1257 537 cum
1295 482 1588 555 empirismi
1624 481 1899 553 principiis
1927 498 2060 538 eon-

169 579 428 633 ciliarent.
508 577 626 640 Quo
666 577 868 630 factum
906 580 1004 643 est,
1048 580 1110 628 ut
1155 593 1363 630 morum
1399 577 1637 648 pravitas
1674 575 2057 648 religionisque

166 672 458 726 contemtio
496 689 605 725 non
644 673 796 724 tanta
827 686 948 722 cum
985 669 1235 740 procacia
1272 668 1730 739 ingravescerent‚
1766 671 1982 740 quauta⁴
2003 668 2060 723 in

169 765 552 835 Francogallia
578 764 632 832 ¹).
708 762 967 817 Attamen
1018 762 1071 815 in
1109 762 1312 832 Anglia
1362 779 1432 816 ex
1467 762 1775 834 empirismo
1809 761 1920 816 alia
1955 760 2061 817 duo

166 861 463 930 systemata
502 855 755 927 deinceps
794 859 914 910 orta
959 858 1084 909 sunt
1103 894 1118 924 ,
1172 871 1398 927 quorum
1454 856 1602 927 prior
1652 855 1880 910 occurrit
1910 853 2063 911 idoa-

169 952 372 1006 lismuS.

341 1043 560 1097 Etenim
581 1041 864 1096 Berkleius
904 1041 1307 1096 fundamentale
1343 1040 1720 1114 philosophiae
1752 1040 2064 1096 Lockianae

166 1139 397 1207 axioma,
432 1154 645 1192 omnem
682 1135 1045 1207 cognitionem
1082 1134 1151 1190 ab
1190 1136 1497 1191 sensatione
1527 1139 1591 1189 ut
1619 1135 1874 1207 primario
1894 1134 2061 1190 ¹fonte

163 1251 283 1289 esse
321 1232 627 1305 petendam,
666 1230 1010 1302 amplexatus
1061 1246 1131 1284 ex
1169 1229 1479 1301 empiriamo
1515 1230 1805 1300 mysticum
1854 1229 2061 1284 evolvit

166 1327 516 1381 idealismum.
566 1324 830 1379 Nimirum
868 1324 914 1377 si
952 1324 1124 1378 omnis
1162 1323 1398 1395 cognitio
1438 1322 1524 1377 ad.
1546 1340 1800 1378 sensuum
1837 1338 2061 1394 percap-

167 1422 372 1476 tionem
424 1418 732 1474 reducenda
778 1422 892 1487 est,
943 1435 1124 1473 rerum
1163 1417 1497 1473 sensibilium
1543 1417 1781 1487 cognitio
1816 1420 1880 1470 ut
1915 1419 2063 1471 certa

168 1519 224 1570 et
259 1515 422 1569 realis
461 1513 687 1583 evadat,
736 1512 1029 1567 accedente
1073 1529 1219 1568 nova
1256 1511 1565 1566 sensatione
1598 1509 2065 1583 comprobeturet

168 1610 444 1664 evincatur
481 1625 703 1664 necesse
751 1613 850 1663 est.
929 1607 1098 1681 Atqui
1149 1625 1215 1662 ea
1253 1606 1514 1679 cognitio,
1554 1604 1648 1659 ubi
1682 1605 1915 1677 primum
1949 1604 2064 1659 ani-

169 1721 314 1757 mum
365 1703 608 1774 ingressa
657 1707 740 1757 est
755 1743 770 1772 ,
827 1703 940 1757 ulla
990 1702 1357 1773 subsequente
1405 1699 1713 1755 sensatione
1753 1697 2063 1754 mulir-mari

168 1796 382 1851 omnino
413 1797 615 1869 nequit.
686 1797 834 1867 Ergo
871 1814 1055 1851 omnes
1094 1787 1163 1850 de
1195 1812 1376 1849 rerum
1413 1797 1764 1849 externarum
1813 1792 2065 1847 realitate

170 1876 504 1963 cognitiones
540 1909 649 1946 non
699 1891 1041 1959 obiectivum,
1080 1890 1176 1944 sed
1214 1889 1390 1943 solum
1433 1887 1792 1942 subiectivum
1826 1885 2066 1941 valorem

169 1985 402 2054 habent3
454 1984 575 2040 ideo
625 2002 711 2039 res
748 1985 900 2056 ipsae
936 2001 1063 2038 num
1100 2001 1291 2038 revera
1327 1983 1454 2052 sint,
1490 1982 1740 2036 dubitare
1772 1978 1976 2052 poteris
2001 1996 2068 2035 ac

170 2080 349 2151 potius
388 2080 443 2133 in
482 2079 636 2134 nobis
677 2097 837 2152 quam
876 2083 1033 2134 extra
1070 2095 1170 2133 nos
1210 2077 1440 2132 existere
1479 2076 1746 2131 dicuntur.

349 2174 531 2237 Quare
569 2191 733 2246 quum
770 2172 1008 2227 Lockius
1046 2171 1265 2226 minime
1302 2171 1405 2225 sibi
1442 2173 1694 2224 constans
1729 2185 1910 2224 rerum
1945 2185 2066 2224 sen·

170 2267 402 2321 sibilium
439 2271 588 2321 motu
623 2266 853 2338 primum
904 2283 1094 2321 sensus
1134 2269 1248 2319 tum
1302 2263 1539 2319 animum
1587 2262 1737 2332 affici¹
1766 2260 2064 2318 docuisset:

170 2361 457 2416 Berkleius
506 2361 647 2415 hanc
700 2360 1023 2415 sententiam
1068 2358 1410 2431 reprobavit,
1463 2357 1716 2430 quoniam
1750 2373 1861 2412 non
1898 2355 2072 2410 solum

171 2457 322 2510 nulla
370 2455 421 2509 ei
469 2455 608 2509 ratio
659 2454 951 2525 suffragari
988 2456 1202 2526 posset,
1255 2451 1352 2505 sed
1389 2451 1555 2505 etiam
1601 2449 1894 2505 absurdum
1930 2453 2072 2504 esset

175 2550 502 2614 existimare,
542 2549 777 2603 animum
800 2548 1006 2603 moveri
1044 2547 1248 2619 impetu
1279 2563 1464 2600 earum
1501 2562 1696 2613 rerum,
1736 2562 1875 2617 quae
1907 2544 2072 2615 longe

178 2643 377 2698 diversi
415 2642 483 2696 ab
519 2659 583 2696 eo
632 2643 847 2713 generis
902 2646 1098 2697 essent.
1177 2641 1371 2711 Itaque
1416 2638 1602 2693 mundi
1652 2637 1862 2693 externi
1896 2637 2072 2692 obiec-

176 2739 290 2791 tiva
344 2737 594 2791 realitate
650 2739 950 2808 pernegata
970 2776 984 2804 ‚
1042 2751 1253 2789 omnem
1311 2732 1669 2787 sensationem
1723 2749 1758 2785 a
1797 2729 1900 2786 deo
1954 2730 2072 2802 ipso

157 2831 355 2898 ³animo
394 2830 630 2884 humano
670 2847 789 2885 esse
824 2830 1044 2883 insitam
1081 2831 1231 2882 ratus
1282 2844 1350 2881 ex
1387 2826 1586 2879 nostris
1621 2824 2074 2896 repraesentatio·

178 2924 334 2978 nibus
358 2924 618 2979 mundum
658 2923 923 2996 quendam
961 2923 1163 2977 realem
1203 2921 1503 2993 composuit
1522 2924 1586 2990 ¹).

355 3017 508 3079 Quae
547 3017 788 3072 doctrina
828 3017 953 3071 licet
987 3015 1293 3086 Anglorum
1339 3012 1512 3068 indoli
1564 3029 1630 3067 ac
1667 3009 1847 3065 studio
1885 3027 2074 3082 parum

183 3111 490 3165 conveniret
517 3112 826 3183 nullamque
859 3110 1233 3165 auctoritatem
1262 3105 1490 3179 adipisci
1509 3110 1715 3178 posset,
1752 3122 1872 3160 eam
1891 3108 2075 3157 tamen

186 3204 299 3256 vim
337 3203 543 3269 habuit,
582 3207 643 3255 ut
681 3203 1089 3270 demonstraret,
1130 3200 1494 3273 empirismum
1522 3196 1854 3251 Lockianum
1890 3194 2074 3249 imme-

186 3296 331 3350 diate
371 3315 433 3351 ac
473 3297 775 3350 necessario
813 3296 1111 3367 perducere
1150 3294 1221 3348 ad
1259 3291 1613 3348 idealismum.

357 3485 403 3539 1)
432 3483 566 3527 Rixn.
597 3485 627 3527 1.
662 3497 700 3529 c.
737 3484 761 3540 S
793 3484 875 3538 543
907 3483 1121 3527 Tennem.
1155 3483 1183 3526 1.
1216 3497 1251 3526 c.
1284 3494 1390 3539 pag.
1425 3479 1523 3525 414.
