2248 3828
1103 168 1171 224 20

372 315 421 381 1)
461 313 738 367 materiam
777 312 950 365 forma
985 315 1254 366 carentem
1293 311 1537 365 sensibus
1575 311 1751 364 offerri
1774 311 1830 364 in
1857 315 2084 364 externa

195 424 369 460 rerum
422 411 644 475 natura,
701 405 928 460 formam
991 405 1251 458 materiae
1302 405 1698 458 attribuendam
1748 403 1974 459 inveniri
2030 403 2085 456 in

195 499 359 552 animi
394 503 621 567 natura3

367 572 420 638 2)
461 587 673 624 omnem
712 569 1088 640 cognitionem,
1137 570 1221 622 cui
1262 570 1530 623 obiectum
1571 569 1824 623 sensibile
1859 586 2081 640 respon·

196 664 379 728 deret,
438 679 628 716 veram
685 679 803 717 esse
862 661 1197 731 habendam,
1251 663 1542 734 quamlibet
1598 663 1760 716 aliam
1812 662 1989 716 fictam
2034 665 2087 714 et

199 757 408 811 falsam.

371 848 694 902 Huiusmodi
748 848 946 919 duplici
1009 847 1280 903 axiomate
1331 849 1624 903 instructus
1677 847 1910 905 Kantius
1964 865 2086 918 spe·-

193 943 332 996 ravit
369 941 584 1014 quidem
620 941 737 995 fore
771 946 829 996 ut
885 941 1386 995 intellectualismus
1426 960 1546 995 cum
1601 941 1924 1012 empirismo.
1958 958 2082 995 con-

191 1037 526 1106 iungeretur;
587 1039 830 1088 attamen
887 1033 1025 1088 haec
1066 1051 1189 1104 spes
1247 1035 1410 1104 longe
1473 1052 1596 1088 eum
1648 1034 1854 1088 fefellit.
1943 1032 2087 1086 Nam

193 1129 464 1201 propriam
516 1131 570 1182 et
621 1127 784 1180 animi
835 1132 890 1180 et
925 1131 1153 1180 naturae
1206 1127 1314 1181 vim
1363 1145 1646 1199 perperam
1697 1128 2086 1197 interpretatus

196 1242 334 1296 quae
374 1223 515 1276 hanc
551 1222 690 1276 inter
727 1225 781 1274 et
813 1221 963 1274 illum
1000 1222 1139 1274 ratio
1180 1226 1324 1274 esset
1361 1239 1527 1292 prave
1563 1220 1852 1275 iudicabat.
1923 1222 2088 1277 Nobis

195 1316 411 1389 quidem
452 1333 615 1387 quum
633 1314 907 1386 probetur,
946 1318 1061 1367 tum
1097 1314 1336 1367 animum
1371 1331 1479 1367 non
1517 1315 1687 1368 solam
1711 1313 1938 1367 formam
1966 1329 2087 1366 esse

195 1409 528 1482 argumentis
563 1426 808 1470 vacuam,
839 1406 933 1461 sed
973 1407 1133 1460 etiam
1171 1407 1510 1478 principium,
1551 1424 1623 1460 ex
1651 1426 1772 1478 qu0,
1809 1410 1952 1460 certe
1993 1423 2085 1460 ex-

194 1505 459 1558 trinsecus
498 1501 802 1565 excitando,
839 1500 1157 1554 hauriantur
1196 1505 1341 1554 certa
1365 1501 1685 1571 cognitionis
1708 1500 1934 1569 obiecta,
1975 1504 2088 1555 tum

192 1603 418 1652 naturae
455 1615 562 1650 non
600 1613 717 1650 esse
755 1595 926 1648 solam
965 1612 1086 1649 eam
1124 1595 1247 1663 vim,
1288 1598 1347 1648 ut
1386 1595 1455 1647 sit
1511 1594 1742 1648 materia
1793 1593 2088 1648 inanimata

193 1697 354 1763 atque
390 1691 649 1758 informis,
689 1687 784 1742 sed
820 1693 874 1741 et
913 1705 1034 1741 eam
1074 1688 1198 1756 vim,
1238 1693 1298 1741 ut
1335 1687 1543 1741 formae
1578 1688 1828 1758 vitaeque
1866 1687 1936 1740 sit
1955 1704 2078 1758 par-

194 1787 396 1857 ticeps,
449 1789 612 1854 atque
671 1799 792 1836 eam
828 1782 968 1835 inter
1019 1782 1259 1834 animum
1310 1786 1365 1834 et
1418 1781 1699 1835 materiam
1752 1780 2086 1835 intercedere

195 1877 640 1944 coniunctionem,
678 1879 754 1944 ut,
794 1892 932 1946 quae
969 1875 1106 1928 haec
1145 1874 1301 1927 offert
1339 1874 1597 1942 cobiecta,
1652 1875 1744 1927 ille
1790 1874 1955 1934 firmis
2002 1891 2087 1927 ra-

196 1971 430 2026 tionibus
494 1969 698 2039 absque
756 1969 866 2022 ullo
929 1967 1093 2022 dubio
1143 1985 1272 2023 vera
1332 1985 1449 2021 esse
1506 1967 1806 2022 existimet:
1892 1969 2086 2023 [santio

197 2071 385 2121 contra
423 2065 651 2137 placuit,
707 2068 761 2116 et
799 2062 964 2116 animi
995 2066 1051 2117 et
1098 2068 1324 2116 naturae
1376 2062 1482 2116 vim
1534 2061 1869 2125 deminuere,
1921 2077 2084 2114 unam

194 2159 408 2230 utrique
449 2158 716 2212 diversam
755 2156 989 2227 quidem,
1030 2156 1127 2209 sed
1160 2155 1521 2210 necessariam
1569 2154 1884 2225 qualitatem
1924 2153 2085 2207 dene-

192 2270 324 2324 gare
362 2256 523 2323 atque
561 2251 637 2304 ita
689 2249 927 2318 efficere,
984 2252 1045 2302 ut
1093 2249 1371 2319 utriusque
1429 2247 1658 2301 essentia
1708 2251 1871 2318 atque
1920 2246 2085 2301 etiam

192 2347 480 2401 existentia
527 2345 673 2398 nullo
726 2347 909 2415 posset
952 2342 1113 2396 modo
1176 2342 1408 2411 intelligi
1464 2332 1649 2412 neque
1689 2341 1802 2394 ulla
1865 2340 2080 2394 omnino

196 2441 422 2496 veritate
459 2438 621 2510 potiri
658 2438 976 2492 valeremus

369 2534 456 2587 Ex
493 2532 685 2604 quibus
719 2535 890 2602 patet,
928 2529 1115 2584 Kantii
1153 2529 1370 2582 axioma
1406 2527 1808 2582 fundamentale
1855 2545 1963 2581 non
2006 2528 2084 2581 ita

193 2632 353 2699 longe
404 2627 638 2680 alienum
678 2642 827 2692 esse„
846 2642 878 2677 a
917 2641 1123 2677 summo
1179 2621 1470 2692 empirismi
1507 2621 1786 2692 principio.
1861 2621 2078 2677 Etenim

196 2720 647 2795 quemadmodum
685 2718 918 2772 Lockius
954 2736 987 2770 a
1020 2717 1190 2771 veteri
1227 2716 1516 2788 principio:
1588 2715 1755 2784 „nihil
1793 2719 1875 2768 est
1911 2715 1966 2768 in
2003 2716 2081 2768 in-

194 2816 440 2883 tellectu,
501 2813 644 2885 quod
676 2829 784 2866 non
834 2811 982 2882 prius
1039 2811 1203 2864 fuerit
1258 2810 1315 2863 in
1379 2810 1657 2864 sensibus“
1720 2809 1863 2862 viam
1929 2826 2081 2862 suam

153 2892 157 2897 ,
190 2909 482 2980 petiverat:
529 2908 605 2960 ita
654 2906 887 2960 Kantius
939 2922 1149 2976 quoque
1211 2921 1421 2958 omnem
1474 2903 1834 2974 cognitionem
1879 2902 1950 2955 ad
1990 2919 2083 2956 res

195 3002 441 3057 sensibus
480 3001 749 3054 subiectas
784 2998 1122 3054 referendam
1154 3016 1270 3052 esse
1308 2997 1576 3066 sensebat,
1614 2996 1669 3050 id
1707 2993 1849 3068 quod
1897 2997 1954 3049 in
1990 3013 2084 3050 ex·

195 3096 345 3150 ordio
383 3111 513 3149 suae
551 3094 766 3147 criticae
802 3093 1039 3164 profiteri
1075 3110 1183 3146 non
1223 3091 1566 3158 dubitabam).
1792 3134 1810 3145 „
2004 3127 2008 3137 ·

279 3218 315 3245 ο
371 3187 531 3241 Certe
565 3186 800 3240 Kantius
843 3204 876 3239 a
908 3185 1113 3240 Lockio
1147 3185 1225 3239 ita
1261 3184 1458 3252 differt,
1497 3186 1559 3236 ut
1607 3183 1769 3237 etiam
1818 3143 2080 3254 cognitio·

191 3299 308 3348 nes,
343 3298 481 3352 quae
520 3279 574 3331 in
611 3279 778 3349 ipsius
836 3279 1000 3332 animi
1051 3278 1311 3350 peculiari
1360 3278 1556 3332 natura
1601 3275 1945 3345 inhaereant,
1986 3275 2079 3329 ad-

363 3467 407 3520 1)
439 3465 530 3510 vid·
563 3465 700 3508 Kant.
735 3464 917 3520 „Kritik
948 3465 1029 3508 der
1058 3465 1214 3508 reinen
1246 3430 1520 3521 Vernunft“,
1551 3478 1654 3522 pag.
1688 3465 1729 3508 1.
1858 3463 1925 3501 ..ε
