2248 3828
947 772 1120 836 cap.
1162 773 1381 837 prim.

1140 885 1196 925 1.

411 992 736 1063 Leibnitius‚
776 1012 808 1047 a
846 1012 951 1066 quo
989 996 1363 1068 philosophiae
1399 1003 1618 1054 nostrae
1651 999 1860 1054 initium
1900 1000 2108 1054 deriva-

229 1090 345 1153 tur,-
369 1090 747 1158 praeterquam
805 1088 947 1158 quod
1005 1089 1390 1161 philosophicis
1445 1093 1637 1146 mentis
1696 1111 1826 1147 suae
1881 1098 2109 1165 vegetae

222 1178 500 1233 sententiis
538 1183 591 1234 et
622 1180 914 1249 ingeniosis
953 1187 1009 1236 et
1046 1183 1284 1237 honestis
1326 1185 1525 1238 multos
1559 1186 1826 1256 igniculos
1867 1185 1937 1240 ad
1973 1202 2100 1239 eno-

233 1270 442 1326 dandas
479 1273 822 1343 quaestiones
859 1276 1255 1347 metaphysicas
1292 1277 1511 1348 reliquit
1529 1278 1587 1348 ¹),
1625 1277 1728 1333 hoc
1764 1279 1984 1350 insuper
2020 1279 2107 1333 vel

223 1365 599 1435 gravissimum
636 1369 926 1439 praestitit,
964 1374 1025 1421 ut
1061 1370 1381 1441 principium
1411 1369 1554 1441 quod
1590 1375 1787 1425 vocant
1820 1372 2105 1426 causalita-

223 1459 291 1512 tis
327 1459 383 1512 in
419 1477 599 1514 rerum
637 1461 1129 1533 metaphysicarum
1165 1462 1464 1517 doctrinam
1489 1465 1789 1519 firmissime
1826 1464 2104 1519 induceret

224 1553 410 1624 itaque
446 1555 710 1625 peculiari
771 1555 997 1609 rationis
1054 1559 1272 1610 nostrae
1308 1562 1503 1611 natura
1542 1558 1846 1628 significata
1884 1576 1917 1612 a
1948 1557 2109 1611 rebus

227 1645 427 1700 interni
463 1649 634 1701 nostri
667 1666 856 1702 sensus
897 1648 1188 1703 dictamine
1226 1650 1478 1704 stabilitis
1535 1651 1607 1704 ad
1659 1651 1793 1705 alias
1850 1651 2105 1706 veritates

225 1743 410 1811 posset
443 1742 743 1812 pervenire.
802 1742 960 1806 Quod
997 1761 1158 1814 quum
1187 1761 1256 1797 ex
1282 1744 1466 1797 multis
1495 1743 1614 1797 aliis
1649 1744 1779 1798 locis
1817 1748 1932 1797 tum
1963 1744 2111 1799 hisce

166 1877 168 1882 ,
223 1832 389 1906 ipsius
428 1835 605 1889 verbis
646 1836 916 1908 expressis
955 1840 1134 1907 patet:

446 1927 625 1995 „J’ose
665 1928 778 1982 dire
817 1946 920 2001 que
958 1946 1085 1982 sans
1122 1946 1182 1982 ce
1220 1929 1394 1999 grand
1426 1929 1667 2000 principe
1704 1947 1773 1983 on
1797 1947 1866 1984 ne
1903 1931 2109 1984 saurait

438 2022 590 2077 venir
627 2022 660 2075 a
693 2023 748 2075 la
784 2038 985 2094 preuve
1044 2021 1112 2075 de
1149 2021 1461 2076 l’existence
1513 2020 1581 2075 de
1616 2021 1759 2075 Dieu
1804 2024 1862 2076 ni
1910 2021 2108 2077 rendre

437 2116 621 2169 raison
660 2115 727 2169 de
762 2116 1029 2186 plusieurs
1069 2119 1248 2169 autres
1287 2114 1483 2169 verites
1522 2115 1928 2186 importantes.“

402 2207 611 2262 Tamen
648 2226 753 2263 non
793 2210 1106 2280 ignoramus
1144 2208 1246 2261 hoc
1283 2208 1383 2263 viri
1418 2208 1623 2280 egregii
1662 2208 1729 2263 de
1767 2208 2108 2280 philosophia

221 2301 472 2356 meritum
512 2302 718 2374 absque
755 2303 867 2356 ulla
905 2303 1117 2355 macula
1153 2301 1299 2355 haud
1336 2302 1610 2372 integrum
1645 2318 1923 2356 remanere
1942 2343 1956 2371 ,
2013 2301 2108 2355 sed

225 2395 395 2450 multo
435 2394 698 2462 deminui,
747 2414 910 2467 quum
948 2396 1221 2467 cognitum
1260 2394 1555 2449 habeamus
1573 2435 1587 2463 ,
1628 2411 1751 2448 eum
1788 2394 1930 2448 illius
1964 2393 2108 2465 prin-

221 2488 347 2562 cipii
382 2505 539 2543 usum
579 2505 750 2560 aequo
790 2488 1036 2543 latiorem
1068 2488 1374 2560 permisisse
1401 2488 1601 2559 quippe
1626 2487 1764 2540 falso
1803 2490 2106 2558 putantem,

223 2582 402 2637 omnia
437 2583 645 2638 ratione
683 2583 818 2637 duce
855 2600 925 2637 ex
964 2583 1122 2637 certis
1162 2582 1334 2636 causis
1373 2599 1491 2636 esse
1542 2580 1948 2651 cognoscenda,
2004 2581 2106 2634 ita-

222 2694 326 2750 que
360 2675 777 2749 philosophandi
810 2675 1127 2730 methodum
1177 2675 1480 2728 instituisse
1527 2690 1676 2742 eam,
1737 2691 1843 2745 qua
1888 2673 2106 2746 quaevis

213 2761 417 2827 'veritas
452 2770 729 2835 videretur
760 2788 919 2842 posse
953 2768 1327 2823 demonstrari.

215 2853 221 2870 ‘
275 2863 278 2869 “
399 2863 620 2919 Etenim
657 2863 918 2920 Leibnitii
967 2879 1218 2935 premens
1267 2861 1501 2931 vestigia
1537 2859 1791 2914 Wolffius
1841 2877 1960 2912 eam
1998 2860 2106 2912 vim

217 2957 295 3013 illi
331 2959 597 3032 principio
631 2958 850 3027 tribuit,
888 2961 949 3011 ut
986 2954 1313 3011 contendere
1363 2971 1471 3008 non
1510 2952 1814 3007 dubitaret:
1870 2953 2106 3019 „Omnes

221 3052 483 3108 scientiae
522 3070 554 3107 a
589 3052 796 3106 notitiis
834 3050 987 3123 vulgi
1031 3050 1293 3121 originem
1343 3046 1597 3102 habent.“
1677 3045 1796 3108 Quo
1837 3047 2106 3100 axiomate

392 3225 441 3279 1)
469 3225 574 3270 vid.
607 3225 923 3269 Tennemanni
967 3223 1269 3279 „Geschichte
1306 3221 1389 3266 der
1423 3220 1746 3278 Philosophia,
1794 3221 1917 3277 Lips.
1946 3220 2106 3276 1819‘,

221 3302 328 3342 tom.
359 3297 444 3354 XI,
474 3312 579 3355 pag.
610 3297 860 3345 202—203.

390 3375 439 3432 2)
470 3377 646 3421 Ibidem
678 3379 711 3422 l.
740 3392 778 3423 c.
812 3391 916 3434 pag.
951 3374 1167 3421 120-22,

395 3456 441 3514 3)
471 3456 648 3500 Ibidem
678 3458 707 3505 1.
739 3471 776 3502 c.
807 3471 910 3515 pag.
947 3456 1046 3503 120.
