2248 3828
1038 197 1101 249 15

121 337 536 410 significaverat,
573 336 714 392 viam
733 336 944 407 longius
971 341 1380 408 persequeretur
1399 337 1874 410 philosophiaeque
1898 339 2013 393 fun-

123 429 267 484 ditus
298 429 650 487 renovandae
680 445 838 500 quam
878 430 1170 483 maximam
1198 430 1354 483 daret
1392 447 1630 502 operam.

1039 635 1145 679 Vl.

227 803 231 808 ,
297 743 558 826 Kantium
623 750 833 822 constat
889 747 1077 800 Humii
1140 748 1207 800 de
1270 747 1609 820 philosophia
1670 745 2016 819 provehenda

123 821 318 895 merita
352 836 603 896 laudibus
642 841 921 904 extulisse,
962 858 1068 893 non
1104 842 1179 894 ita
1219 840 1449 912 quidem,
1490 841 1643 912 quasi
1695 840 1807 893 eius
1865 839 2017 893 dubi-

124 933 420 989 tationibus
437 934 788 989 assentiretur
810 935 875 1001 ¹),
897 933 992 987 sed
1021 933 1218 987 idcirco
1248 934 1390 1005 quod
1417 940 1754 1005 perspectum
1774 933 2015 996 haberet,

123 1027 243 1082 eius
263 1027 350 1082 ‘de
385 1027 548 1082 rebus
586 1026 968 1098 philosophicis
1009 1026 1305 1080 doctrinam
1363 1044 1393 1079 e
1441 1026 1717 1098 principiis
1756 1027 2018 1080 concessis

22 1129 27 1134 “
125 1118 182 1175 et
214 1119 414 1194 ubique
450 1120 680 1191 receptis
718 1123 865 1173 recta
902 1120 1245 1173 conclusione
1296 1137 1414 1173 esse
1465 1119 1762 1173 derivatam
1813 1137 2020 1173 omnes-

124 1230 229 1287 que
290 1208 717 1270 adversariorum
767 1214 1264 1284 argumentationes
1313 1213 1636 1284 praesumtis
1677 1214 1858 1284 potius
1906 1215 2019 1283 opi-

122 1296 370 1362 nionibus
408 1298 571 1380 quam
609 1307 910 1360 rationibus
949 1307 1124 1360 fulciri
1178 1325 1303 1360 vere
1358 1307 1753 1378 philosophicis,
1829 1306 2019 1377 Neque

125 1417 250 1473 vero
295 1404 497 1456 temere
539 1400 815 1455 iudicabat
866 1400 1120 1467 Kantius,
1178 1400 1438 1453 Humium
1485 1399 1828 1470 dogmatismi
1877 1415 2021 1452 arro-

123 1495 364 1566 gantiam
413 1494 862 1565 insolentiamque
920 1494 1215 1564 castigasse
1270 1500 1323 1547 et
1353 1493 1700 1564 philosophos
1737 1491 2021 1546 vehemen-

121 1591 206 1643 ter
239 1587 597 1657 admonuisse,
635 1592 696 1640 ut
730 1588 931 1641 maiore
970 1589 1219 1641 cautione
1257 1587 1498 1640 adhibita
1549 1587 1843 1640 rationibus
1887 1587 2019 1639 vali·

125 1682 208 1736 dis
244 1681 499 1737 veritates
549 1681 946 1753 metaphysicas
994 1681 1370 1735 confirmarent
1393 1681 1453 1749 2),
1492 1697 1556 1734 eo
1608 1680 1837 1752 denique
1898 1696 2019 1732 eum

125 1775 475 1848 perduxisse,
514 1775 606 1829 ubi
659 1775 926 1847 acquiesci
971 1792 1077 1828 non
1118 1774 1357 1843 deberet3
1397 1774 1493 1827 sed
1532 1774 1675 1828 unde
1729 1779 1873 1828 certa
1931 1774 2021 1827 via

127 1887 290 1942 porro
325 1869 706 1943 persequenda
737 1869 851 1940 peti
888 1873 1073 1939 posset
1088 1868 1146 1936 3).
1219 1869 1608 1939 Praeterquam
1665 1885 1819 1936 ver0,
1876 1866 2020 1939 quod

125 1962 360 2018 Humius
399 1980 606 2017 errores
644 1963 806 2032 longe
827 1963 1045 2032 lateque
1079 1961 1345 2032 dispersos
1372 1962 1845 2030 manifestavisset,
1870 1960 2021 2014 Kan-

126 2059 234 2111 tius
273 2057 439 2112 etiam
477 2074 598 2110 eam
635 2056 780 2109 illius
830 2073 961 2126 prae
1011 2055 1199 2108 ceteris
1246 2054 1581 2125 philosophis
1632 2053 2020 2125 praestantiam

127 2148 428 2221 praedicat,
464 2167 570 2221 qua
605 2149 834 2221 positive
874 2150 1055 2220 aliqua
1097 2167 1164 2202 ex
1201 2154 1355 2220 parte
1394 2149 1460 2201 de
1521 2149 1747 2202 veritate
1807 2148 2022 2201 investi·

127 2242 312 2314 ganda
346 2243 646 2297 meruisset.
720 2242 874 2296 Haec
912 2244 1053 2296 enim
1094 2243 1238 2314 apud
1277 2261 1399 2297 eum
1439 2243 1778 2313 leguntur4):

268 2337 368 2408 „In
418 2336 726 2406 Ansehung
789 2335 883 2390 des
943 2335 1251 2390 Schicksals
1316 2335 1410 2389 der
1464 2334 1813 2406 Metaphysik
1874 2335 2024 2387 hatte

125 2430 286 2486 keine
333 2431 713 2503 Begebenheit
757 2429 1205 2484 entscheidender
1258 2429 1474 2483 werden
1524 2429 1745 2482 konnen
1804 2429 1883 2482 als
1929 2427 2024 2481 der

127 2525 364 2596 Angriff,
399 2524 506 2580 den
542 2524 726 2578 David
762 2524 947 2578 Hume
986 2524 1083 2577 anf
1134 2523 1370 2578 dieselbe
1424 2523 1666 2591 machte3
1722 2539 1780 2576 er
1834 2521 2024 2592 schlug

127 2619 285 2672 einen
323 2617 573 2688 Funkem,
611 2618 699 2672 bei
738 2618 858 2672 dem
894 2635 1022 2671 man
1059 2617 1200 2671 wohl
1239 2618 1324 2670 ein
1362 2617 1520 2670 Licht
1556 2617 1707 2669 hatte
1738 2612 2022 2669 anziinden

134 2711 373 2780 konnen,
402 2729 560 2766 wenn
596 2730 653 2766 er
679 2712 836 2766 einen
870 2710 1304 2783 empf‘anglichen
1331 2709 1548 2764 Zunder
1574 2709 1839 2781 getroffen
1857 2707 2024 2775 hatte,

128 2806 321 2860 dessen
359 2805 630 2861 Glimmen
668 2806 955 2878 sorgialtig
990 2810 1133 2860 ware
1166 2805 1510 2859 unterhalten
1539 2802 1835 2870 worden“;

265 2900 476 2955 omissis
491 2900 609 2954 aliis
633 2900 786 2968 locis,
810 2899 903 2954 ubi
933 2917 1055 2954 eum
1083 2898 1322 2954 veritatis
1352 2897 1580 2968 vestigia
1606 2896 1874 2952 indicasse
1902 2914 2023 2951 con-

126 2993 313 3050 tendit.
391 2995 571 3059 Quare
608 2993 979 3066 philosophiae
1016 2992 1322 3046 Humianae
1378 2993 1542 3046 etiam
1601 2991 1855 3046 maiorem
1893 3007 2026 3062 prae

298 3257 347 3313 1)
378 3256 535 3300 Kantii
568 3256 926 3312 „Prolegomena
958 3255 1074 3298 etc.“
1109 3267 1211 3310 pag.
1247 3252 1314 3296 13.

300 3334 353 3391 2)
382 3334 566 3381 Eiusd.:
602 3334 783 3390 „Kritik
817 3333 897 3376 der
917 3334 1073 3375 reinen
1104 3331 1365 3375 Vernunft“
1401 3344 1507 3387 pag.
1539 3330 1754 3376 796-797.

298 3415 346 3470 3)
376 3407 569 3470 Ibidem,
598 3428 705 3472 pag.
745 3414 848 3462 789.

302 3493 354 3552 4)
388 3495 476 3539 vid.
511 3494 646 3539 Kant.
678 3494 1040 3551 „prolegomena
1070 3494 1188 3537 eto.“
1221 3505 1321 3548 pag.
1354 3492 1394 3534 7.
