2248 3828
1137 232 1205 287 38

229 401 337 458 vim
375 399 701 472 pestiferam,
762 414 921 468 quam
983 413 1053 450 ex
1098 395 1191 450 illa
1240 394 1482 450 doctrina
1531 394 1586 448 in
1631 393 1778 447 vitae
1825 407 1982 446 usum
2027 407 2111 445 re-

230 493 473 549 dundare
511 491 824 564 oportebat3
873 494 988 544 tum
1042 490 1182 544 hanc
1218 489 1454 543 futuram
1491 484 1782 561 perniciem
1820 485 2000 558 aliqua
2043 501 2112 539 ex

231 590 386 660 parte
420 585 695 659 praecavit
746 589 908 656 atque
963 583 1193 637 inhibuit
1245 582 1481 655 practica
1516 580 1705 637 Kantii
1754 564 2112 658 philosophia,

227 682 295 737 de
337 699 444 754 qua
478 684 539 735 ut
577 679 900 734 disseramus
937 681 1121 732 restat.

967 982 1145 1048 cap.
1183 984 1354 1036 tert.

704 1117 775 1175 Dc
813 1115 1047 1192 practica
1084 1114 1262 1174 Kantii
1293 1070 1647 1191 philosophia}

1067 1256 1260 1298 xvn.

361 1377 596 1431 Kantius
617 1393 942 1449 quamquam
962 1376 1180 1447 saepius
1202 1376 1533 1447 gloriabatur
1547 1417 1562 1445 ,
1593 1375 1930 1430 criticismum
1951 1393 2108 1430 suum

222 1473 336 1527 sive
372 1470 710 1525 idealismum
744 1469 1295 1524 transscendentalem
1330 1469 1749 1543 philosophandi
1793 1467 2106 1524 methodum

216 1584 335 1621 esse
371 1565 527 1619 unice
563 1569 794 1634 rectam3
835 1569 1018 1618 tamen
1057 1580 1180 1619 eum
1218 1563 1459 1618 effecisse
1496 1563 1818 1620 contendere
1869 1581 1976 1617 non
2009 1561 2105 1616 du-

211 1659 462 1726 bitamus,
501 1660 562 1711 ut
599 1675 811 1712 omnem
846 1658 1244 1730 philosophiam
1279 1658 1620 1730 philosophia
1675 1657 1910 1725 deleret,
1955 1673 2104 1710 men-

211 1758 322 1810 tem
358 1756 538 1806 mente
576 1752 806 1821 tolleret,
847 1768 1029 1805 omnes
1087 1751 1318 1824 denique
1370 1751 1698 1823 cognitiones
1753 1751 1824 1806 ad
1876 1750 2103 1804 nihilum

214 1847 509 1918 redigeret.
585 1844 739 1907 Quae
781 1844 995 1916 quidem
1029 1845 1328 1898 miserrima
1363 1862 1542 1899 rerum
1572 1845 1803 1901 conditio
1835 1842 2105 1900 sublevari

212 1960 322 1998 non
358 1939 641 2013 potuisset,
679 1939 785 1992 nisi
817 1938 955 1992 ratio
995 1943 1228 1993 mortem
1263 1957 1435 2010 usque
1479 1940 1740 1994 simulans
1788 1956 1818 1993 e
1858 1940 2102 2010 sepulcro

209 2035 495 2090 artificioso
535 2051 633 2087 sua
669 2031 836 2103 ipsius
874 2032 928 2087 vi
963 2033 1299 2104 prorupisset
1332 2035 1502 2089 multo
1524 2034 1726 2089 maiore
1754 2050 1915 2106 quam
1942 2035 2103 2088 antea

204 2128 464 2183 facultate
504 2126 724 2196 munita,
764 2131 1023 2198 tanquam
1052 2127 1250 2182 victrix
1286 2129 1398 2182 alta
1433 2145 1565 2183 voce
1588 2128 1926 2184 exclamans:
1979 2126 2099 2199 „En

208 2224 338 2295 ego!
417 2221 611 2276 Omnia
645 2238 846 2276 renovo
886 2238 949 2275 ac
984 2221 1208 2275 restituo
1230 2222 1320 2290 1)“.

380 2314 646 2368 Nimirum
684 2314 919 2368 Kantius
957 2319 1246 2386 postquam
1292 2314 1755 2387 methaphysicae,
1817 2319 1878 2369 ut
1925 2315 2098 2387 philo-

206 2408 429 2481 sophiae
467 2425 598 2463 suae
634 2407 968 2462 theoreticae
1005 2409 1360 2478 satisfaceret,
1399 2403 1609 2462 ruinam
1664 2407 1922 2479 adduxit,
1972 2427 2095 2480 pra-

203 2504 393 2559 cticam
436 2502 707 2574 quandam
745 2502 1172 2574 philosophiam,
1211 2508 1270 2557 ut
1330 2503 1727 2575 metaphysicae
1775 2503 1915 2558 bene
1970 2521 2096 2558 con-

201 2599 400 2652 suleret
437 2613 699 2668 opemque
737 2601 1054 2668 exoptatam
1092 2597 1274 2666 ferret,
1330 2597 1606 2651 substituit
1619 2598 1680 2667 2).
1754 2597 1972 2653 Etenim
2008 2615 2094 2652 ra-

200 2690 359 2744 tionis
397 2691 452 2744 vi
490 2691 729 2761 practica
766 2708 858 2744 eas
895 2690 1148 2745 veritates
1188 2695 1243 2745 et
1279 2691 1572 2760 realitates,
1626 2709 1764 2762 quae
1800 2691 2094 2746 theoretica

206 2783 622 2854 argumentandi
659 2784 745 2839 via
779 2802 902 2838 eum
938 2785 1191 2855 fugerant
1223 2789 1284 2838 ut
1319 2785 1559 2855 umbrae,
1605 2802 1928 2858 recuperare
1981 2790 2092 2840 stu-

135 2875 139 2881 ’
203 2877 381 2948 debat,
419 2878 558 2932 hanc
596 2878 814 2950 quidem
851 2880 1375 2949 argumentationem
1411 2880 1676 2935 afferens:

376 2972 686 3027 Intellectui
727 2973 965 3028 humano
1005 2974 1110 3028 duo
1147 2975 1301 3046 quasi
1339 2975 1514 3046 campi
1561 2974 1842 3029 subiacent
1895 2973 2096 3029 discur-

198 3064 371 3133 rendi,
404 3082 543 3120 unus
583 3084 768 3122 earum
805 3068 1101 3136 notionum,
1142 3087 1275 3141 quas
1315 3073 1510 3123 natura
1542 3068 1576 3123 i.
1630 3085 1676 3122 e.
1713 3084 1893 3122 rerum
1929 3068 2094 3122 sensi-

197 3157 385 3212 bilium
423 3161 731 3230 complexus
767 3162 997 3217 intuenti
1037 3163 1286 3234 praebet,
1325 3163 1480 3232 alter,
1532 3180 1690 3235 quem
1740 3161 1890 3216 notio
1927 3161 2092 3217 liber-

382 3429 432 3483 1)
464 3427 521 3471 cf.
551 3427 705 3475 Iacob.
737 3444 863 3487 oper.
896 3433 1116 3490 Vorrede,
1146 3448 1255 3494 pag.
1291 3434 1360 3481 18.

371 3506 419 3565 2)
448 3506 557 3552 ibid.
586 3521 693 3567 pag·
724 3509 797 3554 44.
