2248 3828
1115 171 1183 224 28
1192 179 1196 185 '

458 313 614 383 „Der
653 312 779 367 Satz
829 313 965 368 aller
1013 313 1206 369 achten
1260 313 1556 370 Idealisten
1604 333 1707 370 von
1763 315 1861 370 der
1912 315 2093 371 eleati-

349 407 512 460 schen
546 405 741 460 Schule
777 423 847 459 an
883 406 967 459 bis
1017 407 1115 460 auf
1154 407 1395 479 Berkley
1450 408 1521 461 ist
1559 408 1613 461 in
1669 406 1844 462 dieser
1880 410 2093 465 Formel

350 500 656 554 enthalten:
697 539 728 568 ‚‚
747 540 776 568 „
813 498 938 553 Alle
974 499 1294 554 Erkentniss
1335 500 1503 556 durch
1544 501 1711 555 Sinne
1751 490 1863 555 und
1900 503 2091 557 Erfah-

347 609 487 662 rung
518 593 588 646 ist
623 592 800 646 nichts
840 593 920 645 als
957 592 1135 646 lauter
1174 592 1384 663 Schein‚
1422 593 1534 647 und
1571 611 1672 647 nur
1710 594 1764 647 in
1803 594 1907 648 den
1925 596 2093 650 Ideen

351 684 444 738 des
478 685 664 739 reinen
685 684 1017 739 Verstandes
1051 685 1163 739 und
1197 686 1292 740 der
1309 686 1581 741 Vernunft
1616 687 1688 740 ist
1706 686 2040 744 Wahrheit.“
2065 692 2088 719 “

355 778 468 830 Der
533 776 867 846 Grundsatz,
923 777 1019 833 der
1079 779 1293 834 meinen
1350 779 1673 833 Idealismus
1724 781 2095 854 durchgangig

346 870 639 940 bestimmt,
677 870 750 923 ist
790 869 1068 941 dag-egen:
1142 872 1306 941 „Alle
1342 872 1698 927 Erkenntniss
1736 893 1842 929 von
1877 875 2093 947 Dingen

350 981 446 1018 aus
485 964 719 1018 blossem
756 964 961 1017 reinem
997 964 1302 1019 Verstande
1343 966 1472 1020 oder
1505 969 1683 1021 reiner
1717 968 1988 1022 Vernunft
2022 971 2093 1023 ist

339 1057 512 1112 nichts
552 1059 631 1111 als
671 1059 847 1112 lauter
885 1058 1083 1113 Schein
1120 1059 1230 1112 und
1284 1077 1385 1114 nur
1439 1059 1495 1113 in
1547 1060 1643 1114 der
1675 1061 1987 1133 Erfahrung
2022 1063 2093 1116 ist

349 1150 737 1205 Wahrheit.““
778 1183 848 1190 -

440 1242 701 1298 Attamen
737 1244 840 1298 hoc
883 1244 1171 1299 discrimen
1228 1245 1519 1316 speciosius
1571 1265 1731 1318 quam
1787 1246 1966 1300 verius
2024 1248 2093 1302 ab

205 1355 269 1391 eo
315 1337 599 1394 indicatur.
689 1339 830 1393 Nam
885 1356 1078 1394 revera
1138 1339 1505 1410 experientiae
1563 1340 1829 1395 obiectiva
1877 1340 2092 1412 veritas,

202 1449 361 1502 quam
401 1449 495 1485 suo
534 1431 812 1486 idealismo
845 1434 1052 1487 salvam
1090 1450 1206 1488 esse
1240 1451 1371 1506 prae
1407 1451 1465 1488 se
1503 1434 1624 1504 fert,
1660 1436 1765 1490 nisi
1801 1437 1857 1490 in
1876 1454 2093 1508 reprae-

201 1524 588 1579 sentationibus
629 1544 662 1579 a
716 1525 871 1580 nobis
927 1526 1059 1597 ipsis
1116 1528 1385 1598 conceptis
1435 1545 1544 1582 non
1593 1529 1864 1600 consistit3
1928 1548 2094 1602 quare

201 1635 372 1688 aeque
406 1635 469 1671 ac
503 1617 792 1672 Berkleius
833 1619 1008 1674 dicere
1046 1619 1246 1688 debuit,
1282 1620 1338 1672 in
1375 1621 1506 1674 solis
1546 1623 1745 1675 mentis
1781 1622 1916 1677 ideis
1954 1625 2092 1678 veri-

206 1714 372 1766 tatem
410 1711 659 1781 inesse-1).
700 1742 765 1752 ·—-
825 1713 908 1766 Ea
959 1730 1085 1767 vero
1142 1717 1310 1767 restat
1360 1714 1499 1768 inter
1547 1719 1833 1788 utrumque
1883 1716 2095 1773 diversa

197 1805 351 1874 ratio,
393 1806 534 1877 quod
585 1805 870 1861 Berkleius
919 1807 1045 1861 inde
1097 1808 1165 1861 ab
1206 1807 1430 1862 exordio
1487 1826 1572 1862 res
1628 1810 1772 1881 ipsas
1828 1829 1936 1866 non
1998 1828 2091 1882 ag-

195 1900 386 1969 noscit,
424 1900 592 1969 aliter,
633 1905 692 1954 ut
730 1900 997 1970 vidimuss
1018 1901 1271 1957 KantiUS.

349 1992 553 2054 Quodsi
593 1995 824 2066 denique
859 1995 946 2050 hic
984 1996 1079 2048 illa
1113 1995 1179 2048 de
1214 2013 1396 2050 rerum
1433 1996 1712 2051 idealitate
1749 1984 2090 2069 argumenta-

194 2086 336 2139 tione
378 2087 584 2157 aliquid
622 2093 809 2142 contra
845 2089 1107 2142 Humium
1144 2107 1202 2142 se
1242 2090 1533 2161 profecisse
1572 2096 1745 2162 putat,
1781 2108 1946 2164 quum
1977 2109 2088 2146 sce-

193 2180 500 2252 pticismum
559 2182 839 2235 sustulisse
887 2182 989 2235 sibi
1036 2182 1280 2237 videatur
1295 2185 1371 2254 2);
1432 2183 1565 2239 haec
1613 2186 1973 2255 praestantia,
2013 2190 2092 2243 uti

195 2276 359 2344 (num.
395 2275 580 2344 XIII.)
607 2275 760 2330 nobis
798 2275 1232 2347 persuadebitur,
1271 2277 1420 2330 nulla
1459 2282 1555 2332 est.

1065 2466 1209 2507 xll-

361 2578 513 2640 Quae
548 2578 614 2632 de
652 2580 1049 2651 spontaneitate
1106 2581 1217 2636 sive
1275 2582 1341 2635 de
1399 2584 1564 2636 animi
1616 2584 1933 2638 facultatum
1987 2605 2087 2642 usu

193 2677 246 2723 et
285 2672 488 2726 ambitu
527 2672 763 2726 Kantius
802 2674 1066 2745 copiosius
1107 2675 1430 2745 disseruitss),
1470 2676 1615 2731 hisce
1660 2679 1940 2750 complecti
1961 2699 2082 2752 pos-

194 2782 374 2819 sumus
390 2766 463 2832 4):

362 3048 407 3101 1)
440 3048 501 3091 cf.
534 3049 682 3094 Platn.
715 3051 745 3093 1.
781 3065 815 3093 c.
848 3053 1068 3108 Vorrede,
1100 3068 1205 3111 pag.
1238 3053 1332 3097 IX:
1384 3056 1508 3110 „Eat
1551 3057 1675 3118 Kant
1703 3055 1980 3111 apodictisch
2011 3057 2088 3099 be-

188 3126 368 3179 wiesen,
403 3127 506 3170 dass
538 3129 690 3172 Etwas
723 3135 991 3177 ausserhalb
1024 3149 1211 3177 unserer
1243 3135 1595 3193 Vorstellungen
1629 3137 1869 3181 existire?“

357 3209 402 3262 2)
442 3210 531 3254 vid.
564 3211 699 3254 Kant.
731 3213 772 3254 K
795 3215 863 3258 rit.
897 3215 941 3258 d.
974 3216 1213 3270 practisch.
1248 3216 1485 3259 Vernunft.
1516 3229 1619 3273 pag.
1652 3218 1707 3261 92
1722 3219 1840 3261 --93.

358 3289 403 3341 3)
434 3288 523 3331 illis
555 3291 738 3336 criticae
768 3294 975 3348 partibus
1007 3308 1118 3350 quas
1168 3296 1394 3352 inscripsit
1440 3298 1886 3352 „transscendentale
1918 3299 2086 3354 Analy-

188 3366 282 3409 tik⁶⁸
322 3370 367 3410 et
398 3370 709 3421 „transseenffl
736 3372 1013 3418 Dialektik.“

360 3447 407 3502 4)
441 3448 496 3494 cf.
533 3448 673 3495 Garv.
704 3451 734 3494 1.
769 3465 804 3496 c.
837 3453 942 3497 inde
971 3468 997 3497 a
1029 3468 1134 3512 pag.
1167 3456 1265 3499 191.
