2248 3828
1096 174 1165 225 22

344 312 444 366 Oui
511 313 685 367 eidem
758 314 1057 368 sententiae
1131 315 1318 369 iisdem
1387 315 1499 369 fere
1563 316 1741 370 verbis
1814 316 2078 390 Hegelius

193 405 517 477 suffragatur
539 407 592 473 ¹).
1891 421 1894 424 ’

991 600 1004 615 ”
1084 617 1190 657 11.

324 733 597 795 Quidnam
639 734 1005 805 componendo
1046 754 1141 789 suo
1181 739 1470 808 systemate
1525 734 1893 807 philosophico
1932 734 2080 808 Kan-

192 827 299 880 tius
348 827 607 897 proficere
662 827 977 897 intenderit,
1025 820 1240 901 saepius
1304 828 1852 884 commemoravimuS.
1941 826 2082 882 Eum

194 921 334 975 enim
371 921 658 991 praecipue
695 920 750 973 in
787 921 887 973 hac
923 939 981 975 re
1021 939 1242 993 operam
1277 940 1430 976 suam
1482 922 1825 977 collocavisse
1880 938 2078 992 cogno-

193 1014 382 1083 vimus,
421 1018 481 1067 ut
516 1018 687 1067 totam
715 1014 877 1067 animi
915 1014 1024 1068 vim
1062 1015 1372 1069 aestimaret
1409 1016 1832 1087 facultatumque
1870 1020 2081 1070 nostra—

199 1125 316 1161 rum
356 1107 615 1161 ambitum
655 1125 812 1178 quam
855 1109 1255 1162 accuratissime
1293 1110 1638 1164 examinaret.

367 1201 538 1263 Quem
571 1218 699 1254 vero
737 1200 967 1254 eundem
1002 1205 1252 1255 conatum
1296 1206 1349 1255 et
1390 1201 1624 1256 Lockius
1664 1202 1817 1271 fecit,
1860 1201 1950 1274 qui
1987 1199 2085 1256 mi-

198 1294 420 1348 serrima
458 1294 821 1366 philososhiac
862 1293 1165 1348 conditione
1204 1313 1374 1366 aeque
1412 1313 1474 1349 ac
1511 1295 1744 1349 Kantius
1792 1299 2085 1348 commotus

201 1387 460 1458 principia
510 1391 744 1441 statuere
803 1387 1084 1452 studebat,
1137 1388 1328 1460 quibus
1383 1388 1772 1459 intelligentiae
1818 1387 2087 1442 humanae

203 1480 520 1534 facultatem
560 1481 895 1535 dimetirctur
933 1481 1152 1553 eiusque
1198 1497 1353 1536 usum
1392 1483 1552 1537 rectis
1591 1481 1829 1536 terminis
1868 1481 2088 1535 circum-

203 1574 460 1628 scriberet
479 1575 539 1645 2).

342 1669 484 1722 Sane
521 1668 754 1723 Kantius
791 1657 951 1723 latius
991 1673 1368 1742 argumentum
1408 1673 1570 1741 atque
1608 1668 1823 1723 uberius
1854 1672 2090 1740 pertrac-

199 1756 425 1822 tandum
483 1763 583 1816 sibi
632 1764 973 1839 proposuisse
1023 1763 1264 1829 videtur,
1324 1764 1574 1834 quoniam
1627 1762 1790 1816 etiam
1826 1761 2089 1816 rationem

203 1855 495 1910 humanam
545 1874 577 1909 a
613 1856 818 1910 Lockio
869 1856 1171 1927 neglectam
1217 1856 1273 1909 in
1313 1855 1742 1910 aestimationem
1781 1854 2083 1927 adduxerit,

203 1967 365 2021 quare
403 1953 458 2002 et
506 1950 622 2021 ipse
667 1951 808 2003 illius
847 1950 1242 2023 philosophiam
1280 1949 1664 2021 „Physiologie
1707 1948 1802 2002 des
1839 1935 2084 2002 mensch-

198 2043 374 2097 lichen
412 2043 778 2098 Verstandes“
819 2044 1117 2116 appellavit
1136 2043 1199 2112 3),
1240 2061 1395 2096 suum
1433 2060 1559 2097 vero
1599 2045 1837 2112 systema
1873 2028 2093 2112 „Kritik

202 2137 296 2192 der
328 2137 515 2192 reinen
550 2126 875 2192 Vernunft.“
921 2169 983 2175 —

348 2232 554 2285 Tamen
573 2232 708 2285 haec
727 2231 866 2284 inter
887 2234 1170 2302 utrumque
1192 2230 1568 2300 discrepantia,
1609 2233 1669 2282 ut
1691 2227 1834 2283 infra
1852 2227 1952 2282 sub
1976 2215 2093 2282 'XII

204 2317 677 2395 demonstrabitur,
715 2326 865 2378 nulla
889 2323 1302 2395 haberipotest3
1342 2323 1598 2397 quinimo
1630 2333 1760 2376 vera
1786 2325 1910 2375 sunt
1927 2319 2092 2375 verba

201 2420 420 2491 Hegelii
432 2420 512 2489 4):

313 2513 636 2582 „Dieselben
686 2512 907 2581 Worte,
949 2511 1035 2566 die
1072 2512 1161 2566 bei
1197 2511 1383 2566 Locke
1444 2511 1499 2564 in
1538 2511 1632 2564 der
1669 2509 1985 2579 Einleitung
2023 2526 2089 2563 zu

307 2608 510 2661 seinem
558 2607 833 2662 Versuche
886 2605 992 2660 den
1040 2605 1235 2660 Zweck
1284 2605 1462 2659 seines
1514 2602 1946 2658 Unternehmens
1995 2619 2088 2656 an-

309 2701 513 2773 geben,
559 2700 791 2754 namlich
831 2699 918 2753 die
955 2699 1208 2752 Fahikeit
1248 2698 1342 2752 des
1390 2701 1717 2752 Vct-standcs
1738 2738 1752 2766 ‚
1793 2695 1898 2751 den
1933 2695 2096 2750 Hori-

308 2799 431 2848 zont
467 2794 577 2848 und
616 2795 701 2849 die
741 2793 1205 2865 Scheidegrenzen
1243 2792 1418 2846 seiner
1461 2790 1856 2846 Erkenntnisse
1893 2808 1961 2859 zn
2002 2789 2092 2843 be-

310 2888 584 2953 stimmen,
620 2888 826 2941 konnte
873 2905 1000 2941 man
1051 2885 1189 2941 auch
1226 2886 1283 2940 in
1331 2885 1426 2940 der
1463 2884 1779 2955 Einleitnng
1815 2901 1910 2938 zur
1945 2881 2095 2936 Kan-

223 3049 225 3051 Ὺ
307 2981 518 3035 tischen
548 2981 896 3052 Philosophie
945 2981 1128 3049 lesen,
1187 2978 1391 3034 welche
1425 2977 1539 3031 sich
1575 2974 1879 3047 gleichfalls
1914 2977 2094 3031 inner-

376 3248 421 3304 1)
454 3247 542 3290 vid.
573 3247 754 3304 Hegelii
784 3261 923 3304 opera
959 3273 1011 3278 ——
1046 3248 1193 3292 Berol.
1226 3246 1339 3292 1845
1373 3271 1424 3275 w-
1448 3248 1563 3303 tom.
1595 3244 1634 3289 Ι.
1662 3257 1767 3301 pag.
1796 3244 1870 3290 20·

374 3329 420 3383 2)
452 3328 508 3371 cf.
543 3328 753 3371 Tennem.
785 3329 814 3371 1.
849 3342 872 3370 c
916 3341 1021 3383 pag.
1057 3328 1134 3382 173
1165 3328 1313 3370 Platn,
1347 3327 1376 3370 l.
1409 3340 1444 3369 c.
1475 3338 1582 3382 pag.
1610 3323 1711 3370 3340

380 3409 424 3463 3)
457 3408 514 3452 cf.
549 3407 704 3450 Kantii
730 3407 911 3462 „Kritik
942 3408 1023 3450 der
1052 3407 1206 3451 reinen
1238 3403 1738 3451 Vernunft-Vorredef‘

384 3490 433 3543 4)
466 3487 556 3530 vid.
590 3486 770 3544 Hegelii
803 3489 1000 3543 ,‚0pera“
1031 3487 1064 3529 1.
1093 3499 1129 3529 c,
1161 3499 1264 3543 pag.
1287 3486 1357 3532 20.
