2248 3828
1145 148 1214 201 34

210 293 419 346 tantum
454 290 622 359 abest,
662 293 721 344 ut
744 287 973 345 eandem
1006 305 1126 343 cum
1164 289 1258 343 illa
1297 291 1482 360 aperte
1519 289 1872 360 proposuerit.
1947 289 2090 345 Nam

214 383 450 438 Lockius
492 401 702 455 quoque
740 400 831 436 eas
870 382 1016 436 solas
1054 382 1386 452 cognitiones
1423 388 1484 436 ut
1517 398 1672 437 veras
1705 375 1936 454 admisit,
1959 399 2095 455 quae

209 481 305 531 aut
349 477 546 530 intuitu
586 481 680 530 aut
736 476 1206 531 demonstrationis
1258 476 1309 530 vi
1364 475 1518 529 nobis
1563 477 1906 532 inculcentur.
1973 475 2095 532 Hac

203 586 331 623 vero
370 569 512 623 inter
549 573 832 640 utrumque
891 567 1262 622 incercedente
1312 569 1655 624 connexionis
1713 570 1950 641 ratione,
1985 587 2093 625 non

200 663 457 716 miramur
497 661 642 733 quod
681 678 750 715 ex
786 661 880 716 illo
918 661 1197 734 utriusque
1237 679 1417 718 errore
1451 663 1706 736 primario
1746 662 1939 719 eadem
1966 679 2091 718 con-

203 754 435 810 sectaria
472 771 591 809 sese
629 754 982 826 explicavere.

380 869 619 922 Primum
657 869 818 934 enim,
859 884 1024 939 quum
1059 867 1295 939 cognitio
1335 870 1450 924 sola
1486 888 1586 942 per
1636 887 1694 924 se
1742 886 1852 924 non
1902 870 2088 926 imme-

200 963 348 1017 diate
385 980 505 1016 cum
543 962 753 1017 obiecto
807 960 1112 1031 cohaereat,
1167 962 1293 1032 sed,
1348 967 1409 1017 ut
1460 964 1567 1017 iam
1619 963 1894 1019 Cartesius
1942 967 2090 1019 recte

196 1055 491 1125 contendit,
529 1058 773 1109 nostrum
810 1054 1048 1125 ipsorum
1086 1055 1294 1108 tantum
1334 1056 1564 1128 qualitas
1605 1057 1674 1111 sit
1712 1060 1783 1127 et,
1837 1060 1899 1110 ut
1934 1057 2086 1112 Kan-

197 1151 304 1204 tius
341 1151 459 1221 ipse
495 1148 794 1220 profitetur,
834 1163 903 1201 ex
939 1148 1055 1202 sola
1088 1150 1581 1220 repraesentatione
1636 1151 1831 1206 obiecti
1868 1151 2087 1206 realita-

195 1250 306 1299 tem
344 1260 581 1315 unquam
618 1241 884 1297 extricare
920 1259 1284 1314 nequeamus:
1336 1246 1606 1316 sequitur,
1661 1262 1800 1317 quae
1838 1245 2084 1301 sensibus

198 1338 318 1394 sese
354 1338 604 1406 offerunt,
642 1353 729 1390 res
768 1338 1018 1390 externas
1053 1355 1086 1390 a
1123 1335 1280 1391 nobis
1316 1337 1448 1409 ipsis
1473 1339 1624 1394 fictas
1650 1338 1835 1395 videri.
1895 1339 2089 1411 Itaque

197 1450 266 1486 ex
304 1433 396 1486 illo
435 1448 614 1487 errore
645 1448 867 1486 necesse
905 1430 1007 1486 fuit
1045 1431 1170 1486 oriri
1206 1431 1559 1487 idealismum.

373 1555 545 1618 Quem
584 1553 798 1626 quidem
835 1553 1202 1625 idealismum,
1259 1555 1456 1627 quippe
1511 1556 1696 1608 Lockii
1743 1553 2088 1626 philosophia

193 1648 456 1703 adductus
474 1689 488 1718 ,
551 1645 835 1701 Berkleius
887 1646 1068 1702 docuit
1132 1682 1193 1690 —
1242 1647 1476 1702 Kantius
1532 1665 1660 1702 vero
1717 1664 1785 1701 ex
1844 1647 1937 1700 illo
1989 1663 2086 1700 suo

198 1759 377 1798 errore
414 1746 526 1812 ipse
565 1742 782 1811 evolvit,
820 1741 898 1796 ita
936 1746 996 1796 ut
1031 1741 1303 1812 veritates,
1339 1759 1372 1797 a
1411 1741 1603 1813 quibus
1639 1744 1702 1794 ut
1739 1741 1897 1795 certis
1930 1757 2085 1795 exor-

192 1837 340 1891 dium
378 1836 626 1908 cepisset,
665 1839 845 1889 tamen
883 1839 1073 1907 postea
1111 1835 1329 1890 deleret.
1398 1835 1592 1907 Itaque
1628 1834 1880 1900 Kantius,
1911 1850 2084 1904 aeque

191 1949 254 1986 ac
291 1929 594 1999 Berkleius,
631 1928 1031 2001 philosophiam
1066 1928 1401 1984 Lockianam
1440 1947 1510 1984 ex
1547 1929 1814 1983 sententia
1849 1927 2085 1998 Hegelii,

188 2028 248 2079 ut
286 2041 448 2096 supra
485 2021 878 2092 annotavimus,
905 2038 1001 2076 suo
1040 2019 1319 2076 idealismo
1369 2022 1671 2093 complevit.

360 2147 502 2202 Dein
537 2162 666 2202 vero
715 2162 784 2200 ex
816 2145 910 2199 illa
945 2144 1082 2200 falsa
1136 2145 1406 2199 sententia
1433 2186 1447 2215 ,
1507 2161 1691 2199 omnes
1746 2141 2082 2215 cognitiones

187 2242 581 2312 intelligentiae
616 2240 671 2295 vi
710 2256 828 2294 esse
867 2239 1274 2306 confirmandas,
1299 2239 1555 2311 sequitur,
1595 2237 1661 2293 de
1698 2255 1875 2292 rerum
1913 2235 2080 2290 histo-

190 2338 421 2391 ricarum
460 2333 949 2406 metaphysicarum
986 2333 1218 2389 veritate
1254 2349 1467 2404 semper
1525 2331 1915 2386 dubitationem
1965 2345 2081 2384 esse

186 2430 526 2495 movendam,
567 2444 733 2501 quum
765 2427 981 2481 illarum
1017 2443 1197 2482 rerum
1249 2426 1529 2481 scientiam
1583 2442 1758 2498 neque
1805 2422 2082 2479 immedia-

183 2530 297 2579 tam
333 2521 640 2578 testimonio
679 2539 931 2576 sensuum
968 2537 1145 2592 neque
1199 2519 1552 2593 apodicticam
1609 2518 2076 2591 argumentatione

184 2618 360 2689 logica
393 2617 708 2686 habeamUS,
748 2614 848 2671 sed
883 2614 1165 2669 moraliter
1200 2615 1408 2668 tantum
1446 2616 1664 2668 certam.

367 2740 545 2802 Quare
581 2738 816 2793 Humius
848 2738 1213 2810 empirismum
1249 2753 1576 2808 persequens
1613 2734 1729 2789 fieri
1762 2751 1870 2790 non
1923 2738 2077 2806 pote-

146 2884 149 2889 ,
183 2836 270 2888 rat
307 2834 434 2905 quin
469 2832 539 2887 ad
574 2832 967 2905 scepticismum
1002 2829 1312 2903 perveniret
1347 2830 1380 2884 i.
1431 2847 1479 2885 e.
1529 2829 1659 2901 quin
1726 2828 2076 2884 contenderet

184 2926 252 2980 de
289 2927 438 2980 nulla
471 2927 689 2981 omnino
728 2926 956 2981 veritate
988 2930 1163 2981 certos
1199 2941 1299 2979 nos
1341 2924 1455 2979 fieri
1491 2939 1664 2996 posse.

322 3041 410 3095 Ita
446 3059 574 3097 vero
613 3047 667 3097 et
701 3042 962 3096 Kantium
998 3038 1470 3113 reprehendimuS,
1510 3037 1654 3111 quod
1706 3037 1911 3092 nullam
1944 3053 2072 3108 cog-

180 3134 438 3188 nitionem
477 3151 594 3190 esse
633 3135 896 3190 obiective
930 3152 1114 3190 veram
1153 3132 1538 3188 demonstravit
1598 3131 1830 3203 ideoque
1866 3130 2070 3184 nullam

182 3227 462 3281 veritatem
500 3226 656 3281 nobis
692 3227 956 3297 praebuit.
1031 3225 1122 3280 An
1160 3226 1393 3282 Kantius
1432 3225 1598 3279 ullam
1634 3223 1937 3278 realitatem
1972 3238 2066 3276 ne-

183 3321 411 3376 cessario
450 3323 506 3375 et
544 3321 802 3376 obiective
843 3325 1043 3377 certam
1095 3321 1206 3376 suis
1262 3318 1567 3376 notionibus
1618 3317 1731 3374 sive
1779 3314 2065 3389 categoriis
