2248 3828
1128 138 1197 227 '12

215 310 368 379 quasi
404 310 575 381 gradu
616 311 910 382 procedens
960 314 1184 369 ulterius
1232 333 1341 370 non
1391 317 1563 371 solum
1615 318 1863 374 scientias
1924 322 2094 374 meta-

214 402 461 473 physicas
498 404 554 456 in
594 403 814 458 dubium
834 407 1051 461 vocavit
1079 413 1260 480 atque,
1298 415 1357 463 ut
1394 411 1532 464 ratio
1570 410 1804 466 humana
1837 412 1955 494 ipsa
1992 413 2093 466 sibi

211 495 498 562 diffideret,
521 497 715 566 effecit,
753 497 848 551 sed
870 499 1033 552 etiam
1073 504 1244 554 totum
1265 502 1655 574 philosophiae,
1693 504 1761 557 ut
1785 503 1866 558 ita·
1895 499 2095 576 dicam,

210 588 509 644 aedificium
550 590 912 661 labefactavit,
954 594 1153 665 quippe
1194 594 1284 665 qui
1323 596 1378 649 in
1408 597 1586 667 ipsum
1625 597 1740 650 eius
1777 597 2094 652 fundamen-

206 687 320 734 tum
356 683 617 754 impetum
654 683 860 739 faceret
900 684 1334 759 demonstrando,
1374 689 1747 762 philosophica
1797 690 2090 762 empirisnii

209 775 462 830 methodo
531 794 599 829 ne
674 777 777 848 ipsi
846 778 1061 850 quidem
1123 776 1492 852 experientiae
1540 783 1708 836 ullam
1761 773 1883 838 vim¹
1921 783 2096 840 obiec-

207 868 370 921 tivam
443 887 605 940 posse
670 871 831 925 tribui
851 874 906 940 ¹).
1022 873 1436 945 Argumentatio
1505 877 1756 930 nimirum
1802 876 1958 932 ‘haec
2018 882 2100 933 est

208 961 482 1030 Humii2):
1778 979 1780 982 ’
2090 980 2091 983 ’

383 1056 502 1122 „Ab
561 1057 998 1128 impressionibus
1045 1061 1115 1115 ad
1154 1062 1545 1134 cognitionem,
1597 1063 1831 1118 cuiusvis
1883 1064 2098 1135 generis

203 1166 289 1201 res
328 1151 578 1203 externas
615 1169 804 1206 revera
843 1155 1104 1222 existere,
1157 1156 1329 1210 solum
1379 1156 1702 1228 principium
1757 1158 2092 1213 causalitatis

204 1259 302 1295 nos
340 1244 584 1314 perducit
622 1277 689 1286 —-
729 1248 1046 1319 (propositio
1085 1251 1265 1320 mai.);

377 1338 526 1410 atqui
563 1339 719 1394 huius
754 1342 1001 1414 principii
1038 1343 1344 1398 universum
1396 1349 1451 1398 et
1503 1345 1828 1400 obiectivum
1887 1344 2098 1417 pondus

207 1447 381 1502 neque
417 1450 452 1485 a
488 1435 654 1506 priori
691 1453 865 1507 neque
901 1454 934 1490 a
972 1438 1256 1508 posteriori
1293 1438 1565 1509 cognitum
1621 1438 1911 1509 habemus3
1972 1440 2096 1494 con-

206 1530 292 1578 tra
340 1526 474 1581 nihil
531 1529 677 1583 aliud
729 1533 811 1584 est
860 1529 963 1584 nisi
1012 1532 1104 1584 lex
1155 1532 1538 1586 consuetudine
1590 1532 1812 1587 inducta
1866 1532 2096 1605 ideoque
2185 1569 2188 1574 -

204 1617 342 1672 falso
381 1620 522 1688 ficta,
564 1639 702 1693 quae
740 1642 772 1677 a
809 1626 1365 1696 repraesentationum
1397 1627 1736 1681 successione
1771 1627 1880 1682 vim
1925 1642 2097 1698 quan-

207 1712 330 1766 dam
365 1719 584 1784 petat-
619 1718 792 1789 (piffop
829 1719 1079 1789 minor);

377 1825 523 1879 erg0‚
574 1828 754 1881 quum,
795 1816 854 1864 ut
890 1812 1123 1866 Kantius
1169 1813 1263 1878 ait,
1304 1829 1374 1867 ex
1410 1812 1623 1884 pumice
1660 1828 1805 1884 aqua
1835 1811 2101 1884 postulari

202 1904 434 1972 nequeat
446 1902 508 1972 3),
549 1907 750 1958 certam
789 1906 1065 1960 veritatem
1102 1906 1368 1960 obiective
1401 1906 1602 1960 realem
1631 1906 1912 1978 acquirere
1950 1904 2097 1959 nullo

204 1994 362 2048 modo
399 2013 696 2066 possumus,
774 1999 969 2070 Itaque
1008 1998 1238 2052 mundus
1277 1998 1527 2070 aenigma
1561 2003 1644 2054 est
1679 2017 1744 2054 ac
1768 1998 2098 2071 mysterium,

206 2088 350 2159 quod
386 2107 455 2143 ne
493 2108 701 2145 summo
738 2091 955 2163 quidem
995 2088 1190 2146 mentis
1230 2094 1476 2147 acumine
1504 2093 1777 2165 explicare
1802 2093 2095 2147 valeamus.

202 2180 345 2235 Num
403 2186 923 2255 repraesentationes
978 2203 1159 2240 rerum
1211 2203 1339 2241 vere
1391 2186 1739 2241 existentium
1797 2189 1953 2239 motu
1999 2195 2001 2199 ’
2044 2186 2100 2239 in

205 2276 380 2331 animo
409 2281 594 2333 nostro
630 2278 934 2333 excitentur
969 2280 1265 2350 nescimus,
1318 2280 1573 2352 quoniam
1635 2279 2087 2352 repraesentatio-

202 2387 331 2424 num
367 2375 578 2425 tantum
614 2371 770 2427 nobis
809 2373 1005 2427 conscii
1039 2391 1222 2427 sumus
1259 2390 1437 2444 neque
1474 2373 1639 2427 etiam
1678 2385 1959 2427 causarum
1997 2390 2089 2428 eas

204 2465 545 2520 moventium.
617 2466 809 2538 Itaque
849 2466 1148 2539 disquisitio
1189 2485 1348 2538 quam
1397 2466 1798 2522 accuratissime
1825 2467 1970 2520 facta
2002 2483 2100 2519 nos

206 2557 479 2627 admonet,
514 2564 574 2612 ut
613 2577 769 2615 omne
806 2561 874 2614 de
909 2578 1086 2614 rerum
1138 2562 1388 2615 realitate
1441 2560 1698 2615 iudicium
1752 2560 2099 2614 cohibeamus

208 2651 293 2704 vel
329 2653 719 2725 suspendamus
757 2655 813 2708 in
852 2654 1127 2726 dubioque
1170 2656 1536 2727 relinquamus
1594 2685 1652 2693 -—
1714 2654 1988 2724 (conclus.)
2029 2685 2097 2692 -

378 2746 455 2800 Ut
490 2765 617 2802 vero
656 2767 743 2803 res
781 2754 1036 2803 externas
1075 2752 1130 2802 et
1166 2750 1357 2818 factae,
1406 2749 1484 2803 ita
1522 2749 1704 2814 etiem,
1743 2748 1789 2802 si
1838 2747 1940 2801 sibi
1976 2762 2101 2802 con-

153 2897 157 2902 ‚
207 2843 376 2894 strare
426 2842 584 2909 velit,
639 2843 879 2896 internas
934 2847 990 2896 et
1043 2842 1442 2914 metaphysicas
1499 2842 1859 2912 intelligentia
1913 2845 2099 2895 nostra

205 2933 401 3004 attingi
440 2952 546 2988 non
586 2955 744 3007 posse
783 2937 945 2990 debet
986 2937 1331 2991 contendere.
1406 2936 1548 2989 Nam
1608 2953 1773 3007 quum
1830 2935 1898 2988 de
1933 2935 2098 2989 inter·

207 3028 291 3081 nis
356 3028 637 3099 impressio
687 3032 801 3085 fieri
847 3035 1111 3102 nequeat,
1165 3032 1230 3085 de
1268 3031 1333 3084 iis
1383 3031 1427 3084 si
1475 3030 1769 3100 cogitares,
1818 3028 2101 3083 ridiculum

379 3239 431 3292 1)
465 3238 521 3280 cf.
552 3238 764 3282 Tennem.
809 3241 835 3282 l.
870 3254 909 3285 c.
939 3254 1043 3297 pag.
1077 3241 1179 3286 428.

377 3317 423 3371 2)
455 3317 568 3361 Ibid.
600 3319 631 3363 l.
664 3333 700 3363 c.
731 3333 821 3376 pag
881 3321 1096 3367 433-36,
1142 3347 1188 3353 -
1240 3320 1396 3365 Kantii
1427 3318 1610 3376 „Kritik
1652 3318 1733 3365 der
1778 3317 1932 3362 reinen
1969 3318 2079 3360 Ver-

209 3396 356 3441 nunft.
386 3410 489 3454 pag.
520 3397 619 3442 788-

378 3475 424 3532 3)
454 3477 608 3520 Kantii
642 3477 823 3532 „Kritik
853 3478 932 3522 der
962 3481 1246 3535 practischen
1279 3480 1520 3533 Vernunft.
1552 3477 1768 3523 vom-ede.
1800 3490 1905 3536 pag.
1938 3475 2012 3519 24.
