2248 3828
1142 207 1215 260 aa

378 345 475 415 „Si
511 345 565 400 la
599 347 824 402 matiere
863 365 988 406 mue
1024 369 1112 407 me
1149 354 1360 407 monti-e
1390 369 1497 408 une
1534 353 1770 424 volonte‚
1807 354 1863 410 la
1894 355 2118 412 mutiero

371 458 494 494 mue
532 441 683 496 selon
721 442 789 498 de
828 444 1090 500 cei-taines
1128 445 1240 501 loix
1275 466 1364 503 me
1391 450 1599 503 montre
1625 465 1730 503 une
1755 448 2123 521 intelligence3

383 534 512 588 c'est
547 553 678 590 mon
714 538 913 592 second
951 541 1140 595 article
1181 541 1248 596 de
1293 542 1423 595 foi.“

481 628 599 684 Hos
635 629 768 685 duos
800 631 926 686 fidei
964 633 1243 704 articulos,
1298 638 1460 706 quum
1521 636 1592 690 ad
1637 635 1878 691 eiusdem
1933 636 2127 692 obiecti

237 720 477 776 diversas
511 727 721 779 tantum
760 725 1066 797 qualitates,
1104 741 1298 802 nempe
1336 729 1409 784 ad
1447 730 1537 785 dei
1573 730 1882 785 libertatem
1938 734 1996 785 et
2046 731 2127 785 in-

237 815 595 886 telligentiam
635 817 742 871 sint
776 818 1062 889 referendi,
1100 822 1158 876 in
1194 832 1361 876 unum
1400 824 1701 879 coalescere
1739 822 1997 878 videmus.

411 910 554 964 Dein
591 911 808 966 tertiam
841 914 1127 970 veritatem
1164 916 1291 971 fidei
1324 917 1620 972 subiectam
1665 916 1868 972 indicat
1901 914 2127 984 hanc¹):

478 1003 751 1060 L’homme
797 1012 878 1062 est
933 1008 1071 1062 donc
1110 1009 1246 1064 libre
1287 1010 1420 1065 dans
1470 1028 1555 1065 ses
1593 1011 1796 1065 actions
1835 1014 1890 1064 et
1924 1027 2128 1065 comme

385 1099 460 1152 tel
523 1099 699 1155 anime
767 1099 929 1157 d'une
1002 1103 1292 1159 substance
1353 1105 1752 1177 immaterielle3
1815 1105 1945 1160 c'est
2003 1120 2130 1158 mon

383 1186 649 1242 troisieme
687 1188 875 1243 article
915 1189 982 1243 de
1021 1191 1146 1246 Ἑοί.ιι

487 1280 575 1334 Ex
613 1280 695 1335 his
734 1282 906 1338 tribus
941 1285 1028 1339 vel
1066 1285 1245 1357 potius
1284 1286 1493 1341 duobus
1542 1286 1666 1340 fidei
1717 1285 1968 1340 articulos
2019 1301 2130 1338 om·

239 1392 335 1428 nes
374 1375 609 1446 reliquas
662 1377 919 1432 veritates
969 1379 1306 1452 accipiendas
1356 1380 1515 1435 facile
1569 1397 1730 1452 posse
1780 1379 1894 1435 erui
1948 1378 2157 1436 existi-,

239 1471 353 1523 mat
373 1469 436 1538 2).
513 1468 754 1531 Quarum
804 1475 987 1526 tamen
1035 1491 1226 1544 unam,
1280 1474 1737 1529 immortalitatem
1778 1472 1967 1540 animi,
2017 1472 2134 1544 ipse

238 1564 514 1617 nonnullis
551 1564 683 1619 locis
718 1565 968 1633 inculcat,
1009 1585 1058 1621 v.
1100 1586 1180 1639 gr.
1198 1568 1270 1637 3):

461 1657 629 1726 „Plus
657 1660 718 1730 je
750 1664 930 1714 rentre
971 1679 1036 1716 en
1073 1661 1200 1732 moi,
1239 1661 1359 1733 plus
1396 1661 1447 1714 ie
1486 1679 1572 1716 me
1609 1661 1866 1731 consulte,
1917 1663 1971 1714 et
2009 1660 2132 1732 plus

387 1751 439 1804 ie
477 1751 542 1804 lis
580 1768 669 1806 ces
703 1757 844 1807 mots
886 1752 1042 1809 ecrits
1082 1754 1215 1809 dans
1253 1773 1377 1809 mon
1418 1772 1566 1809 ame:
1625 1755 1770 1825 „sois
1803 1754 1944 1809 iuste
1982 1757 2037 1808 et
2073 1755 2133 1807 tu

388 1863 535 1901 seras
573 1845 883 1918 heureux;“

243 1944 298 1993 et
337 1939 468 1993 alibi
484 1939 558 2010 4):

463 2032 699 2103 „Helasl
737 2034 788 2088 ie
823 2035 875 2087 le
911 2051 1034 2088 sens
1072 2037 1192 2106 trop
1231 2052 1332 2105 par
1367 2051 1480 2089 mes
1519 2034 1678 2104 vices,
1701 2035 1952 2090 l’homme
1971 2052 2039 2090 ne
2059 2035 2137 2089 vit

313 2173 317 2177 .
391 2128 474 2199 qu'
514 2127 547 2180 a
581 2127 766 2182 moitie
806 2128 1004 2182 durant
1041 2147 1101 2182 sa
1137 2128 1240 2197 vic,
1280 2131 1335 2181 et
1370 2129 1426 2183 la
1461 2129 1547 2184 vie
1587 2129 1655 2184 de
1692 2130 1846 2185 l'ame
1882 2147 1952 2184 ne
1991 2147 2135 2184 com-

383 2239 568 2277 mence
607 2225 694 2295 qu'
732 2221 765 2276 a
802 2223 856 2276 la
892 2226 1034 2276 mort
1073 2221 1146 2275 du
1186 2238 1341 2293 corps
1361 2222 1414 2292 ;“

357 2316 370 2328 .
493 2317 516 2353 5
555 2335 567 2346 ,

248 2317 577 2456 ᾶθωᾳῃθηέἐ
614 2389 716 2459 (les
753 2388 889 2443 bons
927 2388 1196 2451 hommes)
1235 2391 1419 2442 seronf‘
1457 2387 1841 2459 dedommagds
1874 2388 2007 2443 dans
2032 2405 2138 2442 une

384 2485 538 2537 autre
581 2483 719 2537 vie.“

397 2602 402 2609 ·
458 2575 616 2630 Unde
657 2574 787 2629 satis
824 2574 1181 2647 patet‚fapud
1217 2575 1542 2630 Russavium
1582 2574 1837 2629 articulos
1872 2574 1997 2628 fidei
2031 2593 2138 2629 non

250 2670 426 2723 solum
467 2673 549 2723 tot
588 2686 706 2723 esse
747 2674 875 2740 quot
914 2669 1058 2741 apud
1095 2668 1361 2722 Kantium
1399 2669 1674 2740 postulata
1710 2669 1934 2724 rationis
1985 2685 2138 2740 prac-

240 2764 390 2816 ticae
447 2793 509 2803 2--2
529 2789 533 2795 -
557 2781 696 2835 quae
743 2763 848 2817 alio
886 2764 1100 2818 nomine
1148 2763 1313 2818 etiam
1362 2762 1431 2816 ab
1476 2762 1567 2816 illo
1616 2762 1825 2816 articuli
1879 2761 2004 2816 fidei
2048 2780 2139 2815 vo-

164 2898 168 2903 ,
247 2861 435 2910 cantur
473 2888 539 2895 —-
577 2856 673 2911 sed
717 2857 883 2910 etiam
919 2857 976 2910 in
1011 2855 1201 2911 iisdem
1242 2860 1403 2928 atque
1455 2855 1589 2909 haec
1642 2855 1846 2908 versari
1898 2854 2137 2910 obiectis.

425 2950 565 3004 Sane
606 2969 701 3005 suo
741 2955 964 3022 uterque
1008 2951 1222 3022 proprio
1263 2949 1445 3004 ordine
1488 2954 1541 3003 et
1577 2947 1737 3002 modo
1790 2948 1889 3003 has
1941 2948 2136 3002 verita-

423 3175 468 3229 1)
502 3173 704 3217 Oeuvres
736 3175 792 3218 de
823 3175 859 3218 I.
894 3175 929 3218 Ι,
961 3175 1200 3218 Rausseau
1228 3177 1332 3217 tom.
1368 3173 1492 3218 VIII.
1525 3185 1629 3228 pag.
1659 3170 1730 3215 30.

417 3253 463 3308 2)
494 3253 586 3298 vid.
617 3254 808 3300 Russav.
837 3255 864 3296 1.
898 3268 934 3297 o.
966 3269 1071 3311 pag.
1104 3254 1174 3298 48.

417 3333 463 3388 3)
493 3332 603 3378 ibid.
633 3346 739 3390 pag.
772 3334 839 3378 51.

422 3413 469 3467 4)
499 3412 610 3455 ibid.
640 3426 745 3469 pag.
777 3412 849 3457 53.

425 3494 474 3546 5)
505 3491 615 3538 ibid.
645 3505 753 3550 pag.
781 3492 854 3537 55.
