2248 3828
1163 165 1226 218 16

233 313 419 367 ceteris
485 309 792 380 systematis
862 307 1126 360 rationem
1204 322 1262 360 se
1335 304 1589 360 habuisse
1655 306 1776 377 ipse
1840 307 2123 378 profitetur

230 407 375 460 hisce
394 407 463 473 ¹):

396 497 527 566 „Ich
579 494 800 566 gestehe
858 492 987 558 frei,
1053 492 1178 545 dass
1235 491 1322 545 die
1390 492 1731 564 Erinnerung
1781 492 1875 548 des
1942 492 2124 547 David

229 592 408 645 Hume
446 590 582 644 eben
621 587 900 658 daSJenige
938 604 1066 650 war,
1104 602 1216 646 was
1253 585 1354 638 mir
1407 602 1503 639 vor
1562 586 1737 640 vielen
1774 585 1982 640 Jahren
2018 586 2123 640 den

231 682 639 754 dogmatischen
689 679 1023 734 Schlummer
1071 677 1394 733 unterbrach
1450 679 1561 751 und
1599 679 1814 744 meinen>
1859 679 2123 736 Untersu-

227 778 474 846 chungen
509 775 583 827 im
627 771 798 827 Felde
829 770 924 825 der
962 769 1309 842 Speculation
1360 771 1480 825 eine
1525 789 1662 841 ganz
1720 769 1920 825 andere
1956 771 2120 865 {tich-

227 874 363 941 tung
400 886 472 939 ga
513 866 562 921 .“
1916 925 1919 930 x
1992 936 1995 942 J

401 974 554 1036 Quae
594 971 758 1027 verba
799 970 1157 1042 suspicionem
1192 971 1450 1038 excitant,
1490 970 1830 1043 quantumvis
1851 971 1920 1034 ab
1938 971 2126 1028 Humii

226 1072 517 1140 systemate
555 1066 845 1120 abhorrere
882 1063 983 1119 sibi
1019 1063 1282 1133 videatur,
1340 1063 1408 1119 ab
1462 1063 1563 1118 hoc
1618 1067 1762 1126 certe
1801 1079 1924 1120 eum
1959 1080 2118 1138 exor-¹

226 1162 372 1215 dium
410 1161 667 1233 petivisse
701 1159 932 1230 huicque
966 1175 1119 1212 suam
1143 1157 1537 1230 philosophiam
1565 1157 1783 1229 propius
1821 1157 2121 1213 annexisse.

225 1255 291 1307 Id
329 1255 406 1307 ita
442 1271 499 1307 se
536 1253 738 1307 habere
769 1258 831 1306 ut
865 1252 1060 1306 melius
1092 1250 1443 1321 intel-ligatur,
1479 1251 1849 1322 quaestionem
1887 1250 2123 1317 enodan-

226 1348 349 1402 dam
387 1347 541 1400 nobis
582 1350 852 1418 putamUS,
891 1344 1111 1417 quinam
1148 1342 1310 1398 fuerit
1354 1343 1447 1398 ille
1483 1344 1860 1416 philosophiae
1892 1343 2123 1410 Humia-

227 1460 330 1496 nae
366 1441 650 1512 igniculus,
688 1439 756 1493 ab
794 1455 900 1511 quo
937 1439 1114 1492 lucem
1165 1454 1224 1491 se
1281 1438 1550 1509 accepisse
1603 1439 1838 1493 affirmat
1868 1437 2119 1492 Kantius.

393 1549 530 1616 Iam,
567 1552 627 1601 ut
665 1564 827 1618 supra
862 1545 1133 1617 apparuit,
1169 1545 1404 1599 Humius
1440 1545 1498 1599 id
1534 1547 1823 1619 praecipue
1874 1561 2121 1617 perscru-

224 1641 448 1695 tandum
487 1642 589 1695 sibi
627 1645 793 1710 ratuS,
831 1657 936 1712 quo
974 1641 1092 1693 iure
1129 1639 1441 1694 notionibus
1481 1645 1664 1695 mente
1716 1639 1988 1711 conceptis
2027 1638 2122 1692 ob-

223 1737 420 1789 iectum
477 1734 695 1806 aliquod
757 1733 1084 1806 respondere
1146 1732 1587 1802 contenderetur,
1642 1733 1968 1805 persuadere
2037 1736 2120 1787 est

222 1830 584 1900 periclitatuS,
612 1828 790 1882 omnia
842 1827 1138 1899 principia,
1198 1827 1389 1898 quibus
1441 1846 1473 1880 a
1520 1827 1687 1898 priori
1729 1828 1932 1883 realem
1978 1826 2120 1882 inter

221 1923 465 1976 notiones
506 1927 559 1976 et
595 1924 1004 1993 repraesentata
1039 1921 1302 1974 rationem
1354 1920 1687 1975 intercedere
1748 1920 2120 1980 existimarent

223 2017 546 2087 philosophi,
579 2016 796 2070 nonnisi
850 2016 1000 2084 leges
1052 2030 1170 2067 esse
1208 2030 1277 2066 ex
1327 2013 1666 2068 observando
1716 2031 1896 2068 rerum
1932 2011 2120 2068 ordine

225 2111 541 2178 abstractaS,
579 2111 762 2181 itaque
801 2126 871 2162 ex
908 2107 1296 2162 consuetudine
1335 2107 1472 2161 falso
1507 2125 1626 2161 esse
1658 2107 1896 2162 inducta.
1959 2106 2117 2169 Quod

219 2211 278 2257 ut
316 2204 470 2257 nobis
510 2203 810 2268 evinceret,
864 2201 935 2255 ad
973 2202 1394 2271 connexionem,
1449 2219 1589 2272 quae
1633 2219 1850 2256 causam
1883 2202 2025 2256 inter
2060 2205 2115 2256 et

222 2299 471 2353 effectum
507 2297 671 2352 statui
706 2297 931 2368 soleret,
977 2312 1301 2367 provocasse
1350 2313 1473 2349 eum
1509 2295 1740 2350 vidimus
1793 2295 1949 2367 eique
1988 2314 2113 2352 con-

222 2394 436 2447 nexioni
485 2393 590 2447 vim
655 2409 803 2446 mere
851 2390 1205 2445 subiectivam
1254 2390 1558 2460 permisisse
1613 2388 1849 2460 indeque
1911 2393 2114 2444 temere

220 2505 342 2541 eum
377 2487 634 2552 effecisse,
673 2490 852 2541 cetera
887 2501 1100 2556 quoque
1139 2483 1420 2555 principia,
1463 2500 1601 2554 quae
1641 2485 1820 2538 animo
1874 2502 1908 2538 a
1943 2484 2114 2555 priori

219 2582 403 2635 innata
440 2581 780 2650 haberentur,
821 2580 1034 2634 omnino
1075 2596 1108 2631 a
1156 2578 1442 2649 posteriori
1494 2595 1612 2631 esse
1661 2577 1893 2633 deducta
1929 2579 2115 2650 itaque

219 2691 316 2727 nos
355 2673 422 2728 ab
462 2687 568 2727 una
603 2673 850 2727 realitate
889 2672 960 2726 ad
999 2672 1134 2726 alias
1171 2670 1462 2743 procedere
1498 2671 1615 2724 sola
1656 2670 1820 2726 animi
1870 2672 2112 2728 interiori

222 2769 276 2821 vi
313 2784 655 2838 nequaquam
691 2783 851 2838 posse
865 2766 924 2835 2).

390 2875 456 2928 In
496 2893 601 2945 qua
652 2873 869 2946 quidem
921 2873 1392 2944 argumentatione
1428 2872 1662 2927 Kantius
1709 2873 1765 2927 id
1815 2874 1947 2928 vitio
1997 2892 2115 2928 ver-

218 2967 441 3022 tendum
495 2986 612 3022 esse
670 2969 916 3039 putavit,
966 2968 1109 3041 quod
1170 2968 1344 3022 solum
1400 2967 1719 3039 principium
1773 2968 2108 3022 causalitatis

220 3061 582 3115 examinasset
619 3061 852 3114 Humius
907 3062 1128 3133 eiusque
1177 3062 1358 3116 valore
1411 3062 1677 3117 obiectivo
1735 3065 1934 3133 negato
1991 3080 2112 3134 per-

221 3171 439 3208 suasum
476 3154 579 3207 sibi
615 3154 921 3224 habuisset,
974 3156 1121 3210 nullo
1170 3155 1330 3209 modo
1379 3155 1937 3227 repraesentationum
1973 3156 2116 3209 inter

389 3386 434 3440 1)
467 3385 619 3428 Kantii
659 3385 1013 3444 „Prolegomena
1046 3391 1157 3433 etc.“
1189 3404 1293 3448 pag.
1330 3391 1405 3435 13.

396 3466 446 3521 2)
478 3465 586 3508 ibid.
617 3480 721 3523 pag.
756 3468 797 3511 8.
