2248 3828
1109 141 1179 200 213

204 310 337 346 mum
374 294 716 346 subiectimaem
757 293 814 344 et
850 298 1092 358 aperiam
1130 290 1449 344 nihilismum
1503 285 1658 342 nobis
1714 286 1905 341 offerat
1950 286 2085 343 reoi—

199 384 472 457 piendum.
531 383 657 456 Ipse
694 381 929 436 Kantius
967 399 1089 436 eum
1110 380 1483 451 „idealismum
1503 378 2086 435 transscendentalem“

199 481 375 547 vocat,
415 494 518 548 quo
557 475 864 531 realismum
902 472 1220 546 empiricam
1262 475 1472 529 salvum
1510 490 1627 527 esse
1667 472 1813 527 velit.
1874 471 1952 528 At
1981 491 2088 527 non

199 571 425 640 videtur,
465 568 734 642 quomodo
772 568 883 622 iam
933 567 1000 621 de
1037 568 1287 622 realismo
1323 566 1563 637 cogitare
1607 565 1870 638 potuerit,
1926 583 2088 639 quum

199 663 723 738 repraesentationes
759 660 1063 732 transgredi
1099 679 1206 716 non
1242 661 1401 715 liceat
1424 659 1481 728 ¹).

395 757 539 811 Sane
573 755 629 808 in
668 753 924 825 dogmate
964 753 1271 819 statuendo,
1309 757 1364 808 et
1402 752 1698 807 subiectum
1747 753 1989 825 cogitans
2042 758 2097 809 et

200 850 467 906 obiectum
503 850 970 919 repraesentatum
1003 847 1118 902 sine
1151 846 1313 902 dubio
1352 863 1471 901 esse
1511 846 1658 901 entia
1693 847 1882 914 realia,
1909 847 2093 902 realis-

199 962 343 998 mum
381 941 606 1011 retinet3
646 944 702 995 at
739 945 962 1012 propter
997 939 1054 994 id
1096 941 1274 1012 ipsum
1311 940 1710 996 inconstantiae
1765 945 1820 995 et
1869 940 2095 995 difficul-

202 1036 398 1090 tatibus
432 1050 552 1087 sese
590 1033 848 1105 implicat,
889 1052 1052 1106 quum
1110 1034 1451 1088 idealismum
1504 1065 1565 1073 -
1622 1050 1946 1106 quamquam
1995 1034 2093 1088 im·

199 1130 495 1201 perfectum
538 1158 602 1166 —-
635 1127 797 1181 rebus
836 1127 965 1199 ipsis
1005 1126 1299 1198 adiungat,
1351 1128 1430 1181 ita
1473 1132 1533 1180 ut
1583 1127 1835 1182 Iacobius
1889 1143 2095 1181 summo

200 1223 313 1277 iure
349 1220 640 1275 contendat
654 1220 729 1291 2);

460 1314 603 1381 „Der
640 1313 940 1368 Kantische
986 1313 1280 1385 Philosoph
1332 1315 1562 1369 verlasst
1600 1310 1756 1385 ‘ganz
1802 1313 1908 1368 den
1947 1314 2099 1370 Geist

349 1409 520 1462 seines
562 1409 851 1479 SystemeS,
892 1426 1047 1462 wenn
1087 1426 1145 1462 er
1180 1425 1285 1464 von
1339 1408 1445 1462 den
1486 1407 1911 1478 Gegenstanden
1959 1412 2099 1478 sagt,

350 1501 473 1556 dass
513 1501 590 1554 sie
627 1497 939 1554 Eindriicke
978 1501 1077 1555 auf
1111 1499 1197 1556 die
1227 1501 1394 1556 Sinne
1431 1503 1676 1571 macheu,
1705 1500 1945 1556 dadurch
1971 1501 2098 1556 Em·

357 1593 687 1666 pfindungen
727 1610 953 1666 erregen
989 1594 1101 1649 und
1140 1594 1238 1649 auf
1277 1594 1423 1649 diese
1458 1593 1643 1649 Weise
1679 1594 2101 1667 Vorstellungen

351 1708 417 1743 zu
455 1687 635 1759 Wege
667 1687 914 1758 bringen.
985 1687 1114 1742 Und
1148 1687 1286 1743 doch
1323 1689 1457 1743 lasst
1494 1689 1607 1743 sich
1628 1688 1769 1744 ohne
1791 1687 1941 1744 diese
1961 1688 2100 1744 Vor-

343 1787 667 1852 aussetzung
720 1782 845 1837 kein
898 1781 1154 1853 Eingang
1202 1801 1268 1836 zu
1317 1781 1418 1836 der
1471 1781 1807 1838 Kantischen
1854 1775 2102 1837 Philoso-

341 1875 465 1950 phic
506 1876 732 1944 finden,.
896 1875 1010 1930 und
1045 1893 1152 1931 von
1190 1875 1284 1931 der
1347 1874 1550 1931 andern
1607 1876 1753 1932 Seite
1800 1876 1939 1931 lasst
1987 1876 2101 1931 sich

348 1971 486 2027 auch
524 1970 623 2024 mit
660 1969 836 2024 dieser
860 1968 1311 2041 Voraussetzung
1342 1962 1494 2024 nicht
1529 1971 1585 2024 in
1623 1969 1745 2024 dem
1764 1969 2100 2024 Kantischen

357 2064 604 2139 Systeme
642 2062 1007 2119 verbleiben.“

447 2158 554 2221 Qui
590 2155 987 2230 philosophiam
1031 2154 1365 2212 Kantianam
1417 2157 1587 2212 secuti
1637 2161 1799 2229 atque
1842 2156 2101 2229 interpre-

219 2255 316 2308 tati
351 2256 492 2322 sunt,
531 2268 785 2322 magnam
826 2250 943 2305 eius
982 2249 1356 2305 defendendae
1408 2248 1779 2304 difficultatem
1826 2249 1952 2304 inde
1989 2251 2101 2305 fore

207 2346 489 2402 oriundam
526 2345 665 2400 bene
705 2347 992 2399 senserunt
1009 2344 1073 2414 3).
1148 2343 1330 2407 Quare
1368 2343 1567 2415 partim
1604 2361 1692 2397 res
1726 2343 1894 2415 ipsas,
1933 2361 1966 2398 a
1989 2345 2101 2415 qui-

209 2434 323 2506 bus*
346 2432 579 2487 Kantius
620 2436 739 2486 erat
779 2430 1071 2504 profeotns,
1124 2433 1384 2502 tanquam
1435 2430 1674 2503 iniquum
1716 2431 2101 2502 importunum-

206 2545 309 2600 que
348 2528 509 2597 „hors
550 2527 836 2581 d’ocuvre“
877 2520 1295 2581 considerabant
1345 2527 1399 2578 et
1454 2517 1615 2597 quam
1662 2524 1903 2579 maxima
1940 2505 2122 2597 operax

209 2620 583 2690 elaborabant,
625 2624 685 2674 ut
725 2637 819 2674 eas
870 2618 1163 2674 abiicerent
1176 2619 1251 2690 4);
1307 2618 1505 2690 partim
1559 2635 1651 2673 eas
1707 2635 1996 2690 earumque
2035 2617 2104 2672 ad

211 2713 641 2785 cognoscendum
679 2713 786 2767 vim
821 2717 1083 2784 tanquam
1121 2711 1446 2767 adminicula
1485 2710 1556 2765 ad
1591 2715 1804 2783 tempus
1843 2715 2104 2784 suggesta

208 2807 498 2876 habebant,
538 2824 678 2879 quae
716 2806 881 2861 etiam
919 2805 1163 2862 aedificio
1202 2806 1273 2861 ad
1307 2804 1469 2861 finem
1508 2805 1771 2878 perducto
1827 2805 1908 2861 vir
1951 2821 2102 2877 egre-

147 2884 151 2889 *
211 2900 351 2971 gius,
389 2905 448 2955 ut
487 2901 768 2956 imbecillis
811 2901 950 2956 bene
987 2901 1307 2971 consuleret,
1343 2913 1619 2956 remanere
1657 2899 1840 2955 vellet.

385 3130 432 3182 1)
468 3129 524 3173 cf.
563 3130 713 3174 Platn.
745 3131 773 3173 1.
808 3144 844 3174 c.
876 3131 1150 3189 Einleitung.
1178 3144 1279 3188 pag.
1311 3129 1368 3173 X.

383 3208 434 3261 2)
462 3209 633 3251 Iacobii
666 3223 807 3266 opera
839 3234 891 3242 --
922 3210 1044 3268 Lips.
1075 3211 1189 3256 1815
1225 3235 1279 3243 —-
1311 3213 1416 3254 tom.
1450 3210 1512 3252 II.
1547 3222 1649 3265 pag.
1686 3202 1785 3252 301.

383 3288 428 3342 3)
461 3287 547 3331 vid.
580 3289 816 3332 R-einhold.
853 3290 881 3332 l.
913 3303 949 3333 c.
982 3293 1085 3334 tom.
1120 3291 1180 3333 II:
1215 3304 1318 3347 pag.
1354 3290 1423 3332 70.

383 3367 432 3419 5)
462 3366 549 3410 vid.
593 3367 748 3411 Gai-vii
792 3369 1166 3427 „Uebersetzung
1226 3369 1317 3413 uiid
1365 3369 1670 3425 Erlstutorung
1708 3367 1797 3412 ‘der
1843 3367 1982 3411 Etliik
2025 3366 2103 3411 des

227 3445 493 3490 Aristoteles
527 3472 578 3476 ›--
610 3447 754 3491 Bresl.
790 3449 901 3493 1798
934 3476 985 3482 -
1017 3453 1118 3493 tom.
1156 3450 1192 3492 I.
1216 3459 1322 3506 pag.
1352 3449 1451 3494 189.
