2248 3828
1131 179 1196 238 {8

393 326 557 382 Cuius
604 327 686 382 rei
736 325 1019 381 historiam
1081 325 1300 397 Insuper
1360 327 1555 381 testem
1606 325 1880 381 habemus.
1935 325 2108 380 -Nam

214 426 275 475 ut
334 422 563 492 primum
616 411 1224 490 Encyclopaedistarum
1279 418 1623 490 philosophia
1693 421 1804 472 tam
1869 418 1991 474 vilis
2053 423 2108 473 et

214 531 354 569 vana
391 514 549 568 latius
590 514 644 567 in
702 512 816 567 dies
868 510 1202 584 percrebruit
1264 517 1318 565 et
1369 512 1503 566 alias
1553 512 1798 565 civitates
1851 512 2109 567 invadere

214 608 404 678 coepit,
443 607 571 677 quin
609 606 773 661 etiam
810 606 864 659 in
902 604 1158 658 Borussia
1197 604 1457 659 Friderici
1495 604 1682 674 Magni
1720 603 1913 659 litteris
1934 605 2109 660 Fran-

217 700 553 770 cogallorum
591 704 646 753 et
685 697 875 753 studiis
915 697 1071 751 nimis
1106 697 1336 750 faventis
1374 698 1605 768 gratiam
1664 701 1829 769 atque
1880 699 2108 753 auctori·

215 796 383 847 tatem
419 796 596 860 nacta,
635 794 908 862 postremo
945 790 1002 843 in
1039 790 1328 845 universali
1367 808 1506 862 quae
1531 795 1755 846 vocatur
1778 790 2108 847 bibliotheca

215 886 523 956 germanica
557 887 776 939 auctore
810 883 1037 938 Nicolao
1070 883 1443 954 redintegrata
1493 900 1736 955 novoque
1790 883 1976 954 vigore
2025 888 2108 939 est

216 980 416 1050 potita:
465 978 578 1032 fieri
615 995 725 1031 non
775 977 950 1049 potuit
998 977 1125 1049 quin
1180 977 1344 1031 etiam
1389 977 1619 1031 Kantius
1675 978 1790 1031 eius
1841 978 2110 1033 efforibus

218 1071 620 1143 quodammodo
657 1071 963 1125 inficeretur
982 1071 1040 1138 1).
1114 1070 1416 1141 Praecipue
1452 1088 1580 1125 vero
1620 1088 1740 1124 eum
1801 1069 1871 1124 ad
1906 1070 2110 1127 Russu—

215 1166 287 1220 vii
338 1165 637 1219 doctrinam
697 1163 934 1218 animum
981 1163 1277 1220 advertisse
1331 1169 1555 1218 constat.
1631 1162 1933 1218 Herderus>¹
1954 1154 2110 1219 'enim

214 1260 271 1312 in
310 1277 407 1314 sua
441 1258 855 1328 „metakritica“
893 1260 1139 1322 testatur,
1176 1258 1427 1313 Russavii
1464 1275 1628 1329 opera
1679 1264 1793 1311 tum
1842 1258 1898 1312 in
1934 1258 2111 1312 lucem

223 1351 386 1422 edita,
429 1370 655 1423 quorum
695 1353 925 1405 alterum
943 1350 1248 1406 inscribitur
1285 1348 1598 1420 „Heloise“,
1626 1351 1852 1405 alterum
1883 1349 2111 1420 „Emil“,

219 1443 505 1516 diligenter
532 1444 792 1500 Kantium
847 1445 1041 1516 legisse
1063 1445 1124 1514 2).
1201 1444 1395 1516 Neque
1434 1461 1561 1498 vero
1613 1445 1835 1516 reliquis
1878 1443 2114 1499 Franco·

217 1540 374 1610 gallis
413 1538 675 1592 Kantium
711 1539 957 1610 iniquum
993 1556 1052 1592 se
1090 1538 1405 1610 praebuisse
1455 1539 1713 1610 legimus3
1778 1542 1994 1606 contra,
2051 1539 2113 1591 ut

221 1634 355 1687 alies
391 1633 754 1704 negligamus,
789 1631 1203 1703 Montesquievii
1242 1632 1537 1686 sententias
1573 1630 1712 1686 bene
1757 1631 1922 1685 novit.
1997 1630 2112 1685 Fir-

219 1727 356 1780 mius
394 1731 574 1780 tamen
626 1726 783 1780 huius
822 1726 900 1781 rei
937 1725 1313 1781 documentum
1347 1725 1445 1779 sub
1484 1725 1625 1779 XVI
1662 1725 1949 1780 afferemus
1966 1765 1980 1794 ,
2019 1723 2112 1778 ubi

219 1819 722 1888 demonstrabimus,
763 1835 901 1890 quae
937 1837 1163 1873 rerum
1202 1819 1574 1891 propinquitas
1626 1819 1766 1873 inter
1808 1818 2021 1872 illorum
2042 1820 2114 1871 'et

219 1912 406 1967 Kantii
442 1912 839 1984 philosophiam
879 1917 1154 1984 appareat.

906 2184 1082 2247 Gap.
1122 2185 1427 2236 secund.

494 2309 564 2367 Do
597 2307 897 2368 theoretica
934 2307 1304 2384 philosophiae
1340 2306 1650 2364 Kantianac
1671 2306 1834 2380 parte.

1077 2441 1254 2487 vlu.

397 2541 632 2596 Kantius
672 2558 837 2614 quum
859 2540 1212 2612 respexisset,
1257 2558 1398 2613 quae
1437 2540 1503 2594 dc
1544 2538 1863 2597 iudiciorum
1901 2534 2117 2608 synthe-

221 2635 442 2693 ticorum
499 2635 552 2689 vi
599 2634 907 2690 necessaria
943 2637 999 2688 et
1036 2634 1302 2691 obiectiva
1367 2632 1671 2704 philosophi
1708 2630 1914 2703 priores
1952 2629 2113 2691 senti-

221 2732 358 2797 rent,
395 2728 612 2799 reperit,
651 2744 743 2781 eos
784 2727 851 2781 de
892 2728 992 2782 hac
1029 2729 1344 2800 quaestione
1381 2726 1643 2784 solvenda.
1680 2724 1958 2796 cogi-tasse-
1997 2722 2112 2795 qui-

152 2888 155 2893 ,
223 2820 361 2889 dem,
400 2825 456 2875 at
491 2820 621 2876 nihil
659 2820 904 2875 docuisse
922 2862 935 2889 ,
986 2822 1131 2893 quod
1169 2822 1372 2896 Humio
1423 2826 1516 2875 aut
1553 2820 1655 2879 sibi
1694 2820 1805 2892 ipsi.
1836 2818 2112 2881 satisface-

221 2919 320 2974 ret.
409 2913 630 2973 Nullum
684 2914 826 2969 enim
881 2931 1117 2987 eousque
1164 2914 1483 2987 principium
1541 2914 1929 2985 investigatum
1979 2915 2113 2979 erat,

223 3023 327 3079 quo
371 3006 594 3067 iudicari
633 3012 828 3078 posset,
869 3024 1007 3079 quae
1046 3009 1379 3079 cognitiones
1415 3007 1674 3068 ,absoluto
1709 3010 1906 3069 essent
1924 3003 2106 3070 ohim*-

222 3101 381 3160 lxiv-ac.
451 3099 604 3161 Duas
651 3101 877 3158 omnino.
902 3102 1017 3162 vias
1066 3102 1225 3163 initas
1263 3101 1401 3163 vidit
1453 3101 1552 3162 ad.
1574 3097 1942 3165 inveniendas.
1971 3097 2115 3164 eiua?

222 3192 369 3248 modi
405 3192 754 3263 cognitiones,
796 3193 1022 3249 alteram
1062 3212 1094 3248 a
1127 3194 1398 3250 Leibnitio
1444 3194 1667 3265 eiusque
1718 3190 1927 3261 schola,
1981 3191 2113 3245 alte-

394 3402 439 3455 1)
471 3400 529 3445 cf.
561 3401 692 3443 Rixn.
724 3401 755 3447 1.
789 3405 872 3454 ms
904 3401 1003 3447 106.

395 3481 441 3535 2)
472 3480 646 3524 Ibidem
676 3482 707 3525 l.
739 3495 775 3524 c,
808 3483 829 3532 5
861 3481 982 3527 129.-
