2248 3828
1039 176 1109 228 27

304 315 436 369 Eius
462 331 591 370 vero
616 315 895 370 doctrinae
914 316 1220 372 Kantianae
1238 317 1366 389 quid
1390 319 1561 373 simile
1585 320 1729 391 apud
1754 319 2015 376 Lockium

135 407 360 480 eiusque
392 409 566 469 socios
591 408 886 480 reperimus
901 411 927 463 Ρ

302 500 538 556 Lockius
574 503 692 573 ipse
728 519 906 556 rerum
945 508 1293 557 externarum
1334 503 1748 559 obiectivitatem
1806 509 1863 559 et
1897 521 2015 560 rea-

132 594 340 649 litatem
376 594 522 649 haud
556 595 636 650 ita
673 595 830 649 facile
867 612 1070 667 negare
1108 599 1337 667 poterat,
1375 596 1473 651 sed
1508 613 1568 650 re
1618 613 1747 651 vera
1792 597 2016 670 impres-

133 688 311 744 siones
356 689 621 760 simplices
678 706 810 759 quas
861 689 1095 744 vocabat
1143 688 1213 742 ad
1273 690 1448 744 reales
1503 706 1680 744 rerum
1729 690 2016 762 qualitates

133 781 404 836 referebat
420 782 475 851 ¹).
540 781 749 835 Tamen
785 799 949 853 quum
985 782 1379 854 philosophiam
1416 790 1571 836 suam
1590 783 1646 836 in
1673 783 2016 855 perceptione

131 880 192 929 ut
219 876 337 930 solo
373 879 518 930 certo
565 874 917 929 fundamento
965 875 1280 945 collocaret,
1332 874 1550 947 itaquae
1606 892 1784 928 rerum
1841 879 2015 930 exter-

138 986 332 1024 narum
366 968 708 1023 existentiam
747 969 864 1021 sola
901 968 1219 1022 sensationis
1271 969 1358 1022 via
1410 967 1661 1038 cognosci
1714 984 1874 1038 posse
1922 966 2016 1021 do-

30 1109 35 1114 .
137 1067 284 1118 seret
302 1064 366 1142 2),
403 1062 615 1116 illarum
655 1061 974 1133 qualitatum
1024 1061 1342 1116 obiectivam
1391 1062 1498 1115 vim
1544 1062 1602 1115 in
1659 1061 1880 1115 dubium
1925 1078 2016 1114 vo-

133 1157 290 1226 cavit,
330 1155 489 1228 spatii
527 1159 583 1209 et
613 1155 871 1225 temporis
923 1156 1121 1209 formas
1172 1157 1232 1207 ut
1274 1154 1435 1208 rebus
1490 1155 1622 1226 ipsis
1677 1153 2019 1209 inhaerentes

133 1251 190 1304 in
225 1248 646 1304 controversiam
685 1247 928 1316 adduxit,
977 1247 1230 1318 quoniam
1266 1247 1337 1300 ad
1373 1247 1612 1318 singulos
1667 1248 2019 1321 percipientes

133 1343 310 1416 aptari
349 1341 623 1396 debebant
642 1341 707 1409 3).
781 1341 847 1394 Id
888 1345 944 1395 et
977 1341 1241 1395 Lockium
1279 1341 1504 1395 obscure
1539 1341 1793 1411 sensisse,
1851 1360 1922 1396 ex
1954 1359 2018 1395 eo

135 1437 454 1509 colligimus,
491 1434 636 1508 quod
678 1452 858 1488 rerum
895 1438 1239 1488 externarum
1276 1433 1635 1501 existentiam,
1672 1439 2022 1506 posteaquam

129 1530 495 1603 cognitionum
541 1528 847 1582 realitatem
893 1526 1279 1598 comprobavit,
1334 1527 1663 1597 argumentis
1705 1528 2019 1583 confirmare

141 1639 360 1685 necesse
396 1622 611 1694 putavit
631 1622 696 1684 4).

309 1716 421 1771 Sed
458 1715 604 1788 quod
637 1715 754 1787 ipse
783 1715 839 1768 in
871 1716 1073 1769 incerto
1112 1714 1329 1786 reliquit
1366 1731 1540 1786 neque
1584 1719 1770 1785 aperte
1803 1732 1873 1768 ex
1909 1715 2019 1769 suis

133 1811 409 1884 principiis
459 1810 688 1878 evolvit,
744 1808 801 1862 id
849 1809 1158 1877 Berkleius,
1211 1813 1272 1862 ut
1321 1807 1580 1876 vidimus,
1623 1807 1767 1862 illius
1815 1824 2020 1861 summo

132 1888 691 1978 principioinsistens,
728 1920 825 1956 suo
863 1906 1156 1973 systemate
1195 1902 1508 1957 confirmare
1544 1901 1780 1969 studuit,
1835 1917 2020 1973 secun-

131 1999 261 2054 dum
294 1997 439 2071 quod
487 2014 666 2050 rerum
720 1996 1010 2067 qualitates
1057 1996 1158 2049 soli
1211 1999 1431 2050 nostrae
1484 1996 1782 2050 sensationi
1822 1995 2020 2050 insunt.

183 2131 186 2134 -
274 2093 360 2146 Ex
398 2093 482 2146 his
520 2092 712 2159 elucet,
748 2089 1147 2161 philosophiam
1183 2089 1530 2158 Kantianam,
1564 2092 1834 2162 quatenus
1869 2088 2019 2143 idea-

129 2188 344 2241 lismum
378 2186 636 2254 continet,
676 2201 791 2239 esse
824 2183 1180 2255 propinquam
1217 2201 1335 2237 oum
1376 2182 1675 2252 idealismo,
1715 2184 1805 2255 qui
1830 2182 2021 2238 Lookii

130 2280 495 2352 empirismum
535 2279 851 2333 subsecutus
887 2280 986 2345 est,
1029 2280 1084 2332 et
1122 2278 1342 2351 pariter,
1382 2294 1445 2331 ac
1469 2276 1754 2331 Berkleius
1790 2275 1862 2329 ad
1896 2292 2023 2331 eum

138 2377 480 2447 pervenerat,
531 2373 792 2427 Kantium
859 2373 1048 2426 eodem
1096 2372 1355 2443 principio
1407 2371 1474 2423 ad
1541 2387 1660 2424 eum
1711 2369 2027 2441 perductum

129 2485 267 2524 esse.
342 2468 521 2530 Quare
561 2484 681 2520 cum
719 2467 950 2537 Hegelio
970 2467 1013 2534 5)
1066 2465 1253 2519 Kantii
1308 2463 1643 2517 idealismum
1691 2462 2022 2517 Lockeanis·

129 2578 274 2633 mum
341 2560 736 2634 quodammodo
819 2559 1200 2631 amplificatum
1275 2575 1340 2612 ac
1426 2556 1751 2627 completum
1823 2556 2021 2610 habere

128 2672 433 2727 possumus.

301 2748 447 2803 Sane
496 2746 728 2800 Kantius
777 2746 832 2799 in
896 2762 1075 2799 rerum
1132 2745 1307 2815 capite
1362 2761 1396 2797 a
1443 2742 1698 2797 Berkleio
1762 2740 2021 2796 dissidere

129 2842 343 2898 videtur
377 2839 603 2896 dicendo
626 2841 670 2908 6)
690 2859 702 2894 :

300 3002 347 3056 1)
379 3001 435 3045 cf.
465 3001 603 3044 Look.
638 3002 669 3043 l.
694 3015 733 3045 c.
762 3001 860 3043 livr.
893 3000 956 3043 ΙΙ.
992 2999 1121 3053 ohap.
1162 2997 1312 3040 XXX.
1346 2996 1371 3054 S
1408 2996 1449 3040 2.

295 3079 346 3137 2)
378 3080 495 3123 Ibid.
528 3080 626 3123 livr.
658 3080 741 3124 IV.
775 3081 908 3136 chap.
943 3078 1028 3124 XI.
1059 3079 1081 3130 S
1115 3079 1153 3121 1.

298 3159 345 3215 3)
376 3159 461 3202 vid.
499 3159 717 3204 Tennem.
750 3160 765 3202 l
813 3173 851 3204 c.
880 3172 986 3216 pag.
1032 3158 1114 3213 723
1156 3181 1210 3190 -
1258 3159 1353 3200 tum
1399 3155 1638 3200 Reinhold.
1684 3155 1712 3201 1.
1754 3168 1790 3198 o.
1835 3157 1941 3198 tom.
1979 3145 2022 3198 ²1.

147 3253 255 3297 pag.
289 3240 390 3290 516.

270 3319 349 3378 ¹tl)
380 3319 437 3363 cf.
469 3319 687 3364 Tennem0
717 3319 749 3364 1.
779 3332 818 3362 c.
851 3331 954 3375 pag.
987 3317 1086 3364 398.

299 3401 349 3454 5)
379 3399 472 3445 vid·
503 3399 750 3456 Hegelium
781 3399 815 3443 l.
842 3412 882 3443 o.
912 3411 1015 3455 pag.
1049 3399 1122 3443 31.

303 3481 348 3536 6)
381 3479 541 3523 liant:
579 3479 893 3536 „prolegom.“
927 3491 1032 3535 pag.
1066 3477 1170 3523 205.
