2248 3828
1010 193 1080 247 {13

83 333 297 411 toret..-
330 333 534 406 -Itaque
561 333 862 390 secundum
891 335 1155 390 Humium
1188 338 1398 392 animus
1433 339 1698 394 humanus
1726 341 1844 395 fieri
1881 358 1988 397 non

11 462 34 475 2
103 427 1005 500 pnmtquinrepmeoentationum
1023 430 1177 500 copia
1204 431 1462 486 obruatur
1480 437 1535 486 et
1556 433 1900 504 perturbetur
1918 436 1956 502 ¹)
1974 455 1987 506 3

110 524 166 572 et
199 523 381 573 utrum
419 521 490 574 sit
526 521 899 575 immaterialis
936 522 1358 595 immortalisque
1415 542 1484 578 an
1521 526 1813 580 materialis
1849 546 1988 583 mor-

104 611 368 684 temque*
399 614 645 685 quaestio
705 615 814 667 iam
881 632 990 668 non
1053 618 1258 671 moveri
1321 622 1518 688 potest.
1606 618 1889 675 Postremo
1945 624 1991 676 si

101 715 285 762 nexus
329 722 509 761 §enm
562 707 620 759 izn
667 707 798 760 solis
863 707 1028 760 animi
1080 711 1664 780 repraesentationibus
1717 713 1994 771 inhaereat

103 814 280 870 neque
339 801 508 854 etiam
546 799 613 852 ¹in
673 798 837 853 rebus
878 799 1027 871 ipsis,
1085 802 1295 856 ratione
1332 802 1466 856 duce
1513 803 1726 859 efficere
1770 825 1990 878 prorsus

100 902 556 965 mompossumus,
603 890 770 946 deum
817 909 1128 963 supremum
1177 911 1305 949 vere
1356 913 1503 966 esse,
1543 897 1715 970 idque
1773 902 1991 957 credere

100 984 348 1061 ineptum
386 984 615 1042 videtur.

148 1110 190 1131 ·,
231 1078 368 1133 ‚Iam
402 1078 558 1134 »natis
614 1078 820 1148 elucet,
885 1079 1152 1151 quomodo
1204 1099 1274 1135 ex
1321 1082 1663 1155 philosophia
1709 1085 1989 1142 Lockiana

100 1158 402 1243 perfectum
461 1172 519 1226 in
575 1172 820 1228 omnibus
896 1173 1059 1227 rebus
1124 1177 1517 1246 scepticismum
1582 1178 1707 1231 oriri
1773 1197 1991 1234 necesse

99 1264 266 1323 fuerit
285 1265 363 1335 ῆς
395 1265 584 1338 itaque
622 1266 693 1320 ad
727 1267 1088 1337 cognitionem
1127 1286 1440 1340 prosperam
1477 1271 1833 1342 pervenimus,
1871 1291 1990 1327 eam

100 1357 254 1417 falsis
305 1358 462 1414 inmti
510 1359 786 1431 principiis
839 1378 1006 1432 seque
1052 1362 1227 1433 ipsam
1287 1363 1538 1418 refutare.
1609 1364 1792 1436 Atque
1845 1366 1992 1419 haud

102 1451 325 1511 difficile
355 1455 440 1508 est
475 1451 547 1507 ad
592 1453 1024 1523 intelligendum,
1062 1454 1323 1508 Humium
1371 1455 1439 1509 de
1493 1455 1835 1528 philosophia
1871 1476 1991 1529 pro-

98 1543 367 1604 movenda
401 1562 468 1600 eo
505 1546 622 1618 ipso
662 1547 865 1618 optime
912 1548 1166 1602 meritum
1217 1565 1362 1617 esse,
1422 1548 1566 1620 quod
1617 1566 1687 1603 ex
1725 1553 1992 1605 concessis

98 1639 370 1710 sagaciter
406 1644 461 1695 et
499 1645 656 1695 acute
693 1641 930 1696 absurda
982 1642 1297 1696 deducendo
1349 1647 1536 1713 aperte
1582 1648 1636 1698 et
1680 1643 1883 1699 sincere
1918 1662 1988 1699 ex

98 1733 404 1805 empirismo
438 1735 843 1791 consecutiones
877 1737 1091 1808 ineptas
1126 1737 1264 1790 eruit
1300 1736 1530 1808 ideoque
1587 1737 1829 1791 funditus
1866 1757 1989 1793 eum

101 1827 368 1883 subvertit
382 1830 445 1899 3).
501 1829 643 1884 Nam
677 1830 850 1902 probe
887 1831 1158 1884 intellexit
1198 1830 1459 1899 Humius,
1498 1847 1652 1884 suum
1699 1831 1865 1901 ipsius
1903 1850 1990 1903 sy-

101 1910 278 1981 stema
325 1923 640 1994 empirismo
687 1924 918 1977 innisum
956 1942 1134 1978 rerum
1186 1929 1385 1977 natura
1433 1924 1636 1992 refelli,
1694 1942 1831 1995 quae
1870 1926 1990 1995 plus

110 2014 337 2084 valeret,
377 2033 539 2087 quam
576 2016 924 2070 subtilissima
961 2034 1207 2088 quaeque
1242 2015 1660 2088 philosophandi
1695 2018 1994 2087 methodus,

102 2112 159 2162 ct
191 2125 336 2180 ,quae
372 2125 557 2164 omnes
595 2109 664 2163 de
703 2110 1023 2164 veritatibus
1063 2110 1426 2165 dubitationes
1477 2127 1667 2181 reapse
1704 2118 1990 2166 amoveret.

274 2201 457 2264 Quare
524 2203 898 2275 philosophico
973 2207 1186 2257 tantum
1265 2203 1601 2275 scepticismo
1666 2203 1879 2258 deditus
1937 2205 1991 2258 in

102 2294 261 2366 praxi
297 2294 369 2351 ad
418 2296 587 2351 vitam
624 2297 1010 2351 instituendam
1051 2296 1545 2367 moderandamque
1600 2298 1802 2369 recepit
1861 2298 1992 2370 dog-

102 2389 424 2450 matismum.
501 2390 614 2445 Sed
651 2407 770 2444 eam
803 2390 977 2462 ipsam
1014 2391 1084 2445 ob
1117 2409 1231 2445 rem
1269 2391 1610 2461 quaesiveris,
1671 2392 1989 2461 quibusnam

104 2481 176 2537 de
227 2483 404 2541 causis
450 2482 687 2538 Humius
746 2485 1054 2556 ceteroquin
1109 2485 1420 2556 ingeniosus
1474 2502 1584 2538 non
1646 2483 1991 2543 intellexerit.

104 2572 305 2634 iudicia
327 2591 446 2632 mla·
474 2580 619 2631 recte
655 2576 870 2648 quidem
909 2577 1313 2648 consequentia,
1351 2582 1408 2631 at
1446 2595 1565 2632 cum
1604 2578 1852 2632 ‘omnium
1888 2578 1994 2631 fide

106 2673 167 2726 et
197 2685 379 2725 nerum
415 2669 604 2725 ordine
636 2689 745 2725 non
783 2671 1136 2742 congruentia
1182 2689 1212 2726 e
1263 2671 1399 2725 falso
1461 2688 1682 2725 manare
1719 2672 1995 2743 principio,

103 2761 356 2818 Profecto
410 2764 649 2834 mireris,
703 2764 848 2837 quod
905 2765 1303 2836 argumentatio
1353 2783 1423 2820 ex
1469 2765 1733 2820 concessis
1782 2766 1994 2819 omnino

111 2919 385 2927 fflrssq----
398 2922 452 2926 ur,

280 3018 327 3073 1)
360 3018 491 3069 Quod
532 3019 772 3062 Platnerus
811 3043 862 3051 —-
913 3018 1320 3074 „Philosophische
1364 3018 1667 3074 Aphorismen
1711 3041 1762 3047 -—
1810 3017 1996 3073 Leipzig

106 3095 252 3142 1793“
284 3123 338 3127 —
370 3102 477 3142 tom.
510 3099 546 3142 Ι.
577 3100 767 3156 Ρας,;90
799 3124 852 3130 -
885 3099 1008 3143 hisce
1036 3100 1207 3142 innuit:
1242 3100 1421 3154 „Hume
1451 3099 1550 3141 halt
1578 3098 1660 3142 das
1691 3097 1999 3153 Selbstgofuhl

105 3175 180 3220 fiir
209 3179 342 3222 einen
371 3178 556 3222 Haufen
587 3193 674 3222 von
707 3180 1084 3236 Vorstellungen3
1118 3179 1199 3222 der
1216 3177 1782 3236 Hauptgrund,wesshalb
1816 3192 1865 3221 er
1895 3179 1995 3221 eine

109 3258 431 3306 anschauliche
461 3257 757 3315 Vorstellung
793 3258 874 3302 der
906 3259 1037 3302 Seele
1056 3314 1059 3316 η
1079 3272 1170 3311 von
1213 3259 1310 3302 sich
1339 3258 1482 3302 selbst
1529 3258 1654 3302 nicht
1698 3256 1879 3314 glanbt,
1925 3257 1999 3311 ist,

108 3337 289 3401 '5⁹29‘
308 3337 409 3382 eine
437 3342 717 3401 sogenannte
747 3339 1022 3396 Impression
1051 3339 1167 3382 dazu
1193 3338 1419 3384 erfordert
1449 3342 1535 3384 etc.

273 3404 325 3472 2)
355 3416 445 3460 vid.
475 3417 631 3462 Kantii
665 3418 850 3474 „Kritik
896 3419 977 3462 der
1006 3423 1150 3476 praet.
1186 3418 1666 3464 Vernunft-Vorrede“
1690 3433 1797 3477 pag.
1829 3419 1904 3475 88,
1932 3419 2002 3467 91.

276 3491 324 3546 3)
352 3489 531 3534 Ibidem
561 3491 591 3532 1.
629 3505 665 3534 c.
695 3506 799 3549 pag.
829 3492 931 3539 465.
