2248 3828
1060 188 1136 248 ‘31

332 333 499 388 Haud
537 334 693 389 aliter
738 334 1004 405 Lockiue,
1053 334 1243 390 iisdem
1292 334 1500 394 duabus
1546 335 1899 408 cognoscendi
1941 334 2040 396 viis

160 425 434 498 indicatis,
470 427 838 485 rationimihil
887 428 1106 500 reliquit
1141 429 1523 499 perficiendum
1568 430 1671 484 nisi
1718 434 1780 485 ut
1831 428 2039 484 conclu-

159 519 335 576 dendo
370 525 605 576 mentem
639 520 922 576 adiuvaret
955 540 1019 576 ac
1054 527 1393 593 promoveret
1435 523 1659 594 eiusque
1713 520 2041 591 cognitiones

157 602 300 668 inter
336 632 396 669 se
433 614 698 670 distantes
737 614 914 669 uniret
939 617 993 683 ¹).
1070 616 1535 679 Quemadmodum
1594 615 1761 686 igitur
1793 615 2041 681 KantiuS,

162 707 240 761 ita
274 708 381 766 iam
417 707 631 780 pridem
665 707 903 763 Lockius
939 709 1120 779 specie
1156 708 1373 781 quidem
1408 708 1604 764 rationi
1640 707 1898 765 maiorem
1911 722 2042 778 prae

157 805 339 856 mente
396 801 710 856 facultatem
756 802 1047 871 tribuerat3
1101 819 1289 858 revera
1337 806 1519 857 tamen
1569 802 1774 858 ratione
1828 817 2042 872 prorsus

162 894 405 949 extincta
442 898 666 967 uterque
706 895 873 949 menti
906 895 959 948 in
1000 895 1360 951 abstrahendo
1417 895 1652 950 versanti
1684 894 2038 965 principatum

156 986 350 1043 detulit
362 988 429 1056 2).

326 1081 587 1148 Attamen
630 1081 685 1145 in
723 1081 825 1136 hac
863 1099 921 1135 re
958 1081 1169 1137 diversa
1203 1082 1382 1154 aliqua
1419 1081 1556 1136 ratio
1605 1081 1744 1135 inter
1776 1080 2034 1135 Kantium

155 1176 211 1243 et
246 1173 538 1246 empiriemi
575 1177 866 1228 sectatores
905 1175 1200 1230 intercedit.
1275 1174 1492 1233 Etenim
1528 1173 1585 1227 hi
1622 1173 1788 1227 menti
1822 1172 1877 1226 in
1921 1172 2042 1225 abs-

156 1250 422 1346 trahendo
471 1271 768 1340 occupatae
817 1267 979 1322 etiam
1026 1268 1133 1323 vim
1186 1266 1735 1322 transscendentalem
1779 1266 1835 1319 in
1883 1266 2041 1320 rebus

157 1359 581 1434 mffesshaphysicis
621 1350 1006 1431 cognoscendis
1057 1361 1240 1432 itaque
1293 1360 1550 1414 ambitum
1601 1360 1741 1413 iusto
1795 1359 2040 1413 latiorem

159 1438 568 1526 vindicabantss).
610 1454 789 1519 Quare
805 1454 1022 1510 Iacobio
1039 1474 1071 1507 a
1089 1454 1241 1508 nobis
1256 1441 1653 1507 assentiendum
1672 1457 1803 1523 puto
1819 1451 2041 1507 dicenti:

162 1547 311 1633 ,Das
346 1539 691 1625 Blendwerk,
729 1547 984 1603 wodurch
1027 1548 1122 1601 der
1160 1547 1374 1601 Gestalt
1421 1545 1532 1600 und
1567 1546 1619 1599 N
1621 1564 1776 1600 amen
1813 1544 2040 1600 vielfach

156 1628 545 1714 verindemde,
585 1641 641 1695 in
691 1640 982 1695 Wahrheit
1032 1641 1162 1696 aber
1218 1641 1407 1694 immet
1457 1638 1701 1694 derselbe
1739 1638 2038 1694 Sensualis-

154 1725 285 1819 mue
332 1733 446 1789 und
495 1734 911 1789 Materialismus
959 1753 1024 1788 zu
1077 1734 1333 1790 tauschen
1384 1733 1609 1804 gesucht
1655 1732 1778 1801 hat,
1828 1732 2040 1788 besteht

151 1827 329 1903 datin,
366 1827 491 1882 dass
528 1847 654 1883 man
706 1828 871 1883 durch
916 1828 1262 1899 fortgesetzte
1300 1827 1717 1881 Abstractionen
1769 1825 1864 1879 des
1902 1826 2038 1882 Ver-

148 1911 378 1994 ·atandee
412 1915 522 1986 den
559 1921 773 1993 Begriff
815 1921 910 1976 des
961 1922 1343 1991 Unbedingten
1400 1920 1511 1974 und
1559 1918 2038 1974 Uebersinnlichen

153 2033 220 2070 zu
253 1999 534 2086 gewinnen
596 2014 942 2069 vermeinte.“
1027 2013 1287 2068 Kantium
1341 2017 1529 2067 contra
1576 2012 1715 2066 hanc
1749 2011 2038 2084 empirismi

156 2108 427 2163 fallaciam
466 2106 735 2163 detexisse
770 2125 878 2162 non
913 2107 1238 2179 ignommm,
1279 2124 1441 2178 quum
1479 2104 1787 2170 ostenderit,
1843 2107 2037 2160 mentis

152 2200 474 2269 facultatem
509 2215 689 2254 rerum
727 2205 1073 2255 externarum
1113 2217 1359 2272 campum
1393 2199 1653 2254 excedere
1706 2215 1814 2252 non
1860 2216 2032 2270 posse.

151 2287 347 2366 Itaque
384 2290 670 2347 dicendum
707 2292 863 2346 uobis
898 2294 996 2356 est,
1034 2291 1294 2346 Kantium
1333 2289 1620 2360 empirismi
1669 2291 1928 2345 rationem
1966 2291 2037 2345 ad

143 2374 436 2457 'veritatem
472 2401 755 2440 revocasse
793 2402 857 2440 ac
890 2384 1088 2439 Proteo
1128 2383 1344 2438 vincula
1368 2382 1609 2436 iniecisse
1630 2383 1698 2454 ⁴),
1761 2383 1945 2455 Atque
1977 2384 2032 2441 in

151 2479 256 2535 hoc
292 2479 412 2551 ipso
449 2477 640 2532 Kantii
676 2476 926 2531 meritum
963 2475 1269 2548 ponendum
1302 2475 1530 2546 videtur,
1565 2476 1710 2548 quod
1727 2477 2035 2549 empiriemo

147 2566 532 2644 integumentis
571 2568 818 2626 fallaciae
855 2569 1058 2625 nudato
1096 2569 1302 2626 meliori
1338 2569 1750 2642 philosophandi
1770 2570 2028 2627 methodo

154 2666 300 2737 viam
333 2664 550 2744 paravit
562 2666 626 2733 5).

319 2758 475 2814 Haec
511 2757 677 2829 igitur
713 2756 902 2812 Kantii
941 2773 1062 2811 cum
1095 2755 1299 2812 Lockio
1338 2756 1559 2827 eiusque
1610 2756 1768 2810 sociis
1817 2755 2036 2828 propin-

149 2852 328 2925 quitae'
365 2853 422 2908 in
458 2851 562 2907 hac
595 2869 655 2907 re
688 2851 851 2906 statui
890 2855 1086 2923 potest,
1127 2849 1271 2922 quod
1310 2850 1513 2922 pariter
1548 2854 1713 2922 atque
1756 2849 1833 2903 illi
1871 2849 2035 2905 ratio-

237 3147 243 3153 ’
320 3161 370 3218 1)
400 3159 461 3207 of.
487 3159 629 3205 Look.
660 3161 687 3204 l.
721 3174 759 3205 ο.
790 3160 886 3203 xivr.
921 3160 1000 3205 1v.
1033 3160 1164 3218 chap.
1197 3159 1348 3205 xv11‚
1383 3160 1409 3217 s
1441 3158 1484 3206 2.

313 3239 363 3296 2)
388 3239 477 3284 vid.
509 3240 662 3286 Iacob.
694 3242 719 3284 l.
752 3254 787 3286 c.
824 3240 1040 3294 Voti-ede,
1070 3254 1176 3297 pag,
1211 3239 1398 3284 11-12.

312 3318 365 3373 3)
395 3319 449 3363 ef.
483 3318 624 3362 Lock.
652 3319 752 3363 livr.
785 3320 844 3364 11.
878 3320 1012 3376 ohap.
1042 3319 1079 3362 1.
1113 3319 1138 3375 ξ
1167 3318 1242 3366 24.

323 3395 371 3452 4)
401 3396 558 3444 Iacob.
586 3399 615 3442 l.
645 3413 684 3445 c.
716 3399 934 3456 Vorrede,
965 3411 1067 3455 pag.
1102 3399 1172 3443 16.

322 3476 372 3532 5)
403 3475 515 3523 ibid.
540 3491 643 3536 pag.
675 3478 750 3524 23.
