2248 3828
1130 187 1201 241 32

217 329 299 383 nis
349 333 595 383 naturam
617 329 1053 400 peculiaremque
1088 328 1196 383 <rim
1237 332 1430 400 apertev
1458 328 1679 401 negavit
1715 332 1996 402 atque,1ut
2030 330 2108 384 illi

216 424 559 495 Polyphemi,
598 419 702 477 uno
744 425 955 475 tantum
978 422 1142 476 animi
1181 421 1334 476 oculo
1373 430 1503 476 usus
1538 426 1635 492 est,
1674 422 1776 476 hoc
1793 426 1974 477 tamen
1999 421 2105 477 dis-

217 504 435 572 crimine
473 517 854 585 intercedente,
893 514 1036 586 quod
1071 516 1268 570 mentis
1303 519 1500 570 natura
1541 515 1843 570 accuratius
1863 515 2103 571 uberius-

216 630 319 684 que
355 604 693 682 ·explicanda
740 608 1063 680 rdisciplinae
1115 609 1324 678 logicae
1385 610 1524 664 bene
1568 610 1860 675 consuluit,
1919 609 1996 664 ita
2043 615 2103 665 ιιι

215 705 477 776 Hegelius
506 694 705 758 'Kantii
745 703 812 757 de
850 706 1030 756 mente
1069 701 1367 757 doctrinam
1402 704 1849 776 complementum
1876 702 2102 775 psycho-

211 799 409 870 logiae.
429 798 740 853 Lockianae
776 802 923 851 recte
960 797 1198 852 nominet
1219 798 1270 866 ¹).

1058 999 1238 1042 xln.

379 1120 613 1175 Kantius
668 1137 830 1192 quum
867 1106 1132 1202 rationem
1179 1123 1240 1172 ut
1276 1118 1592 1173 facultatem
1643 1134 1821 1172 rerum
1867 1090 2100 1190 cognos-

211 1216 502 1270 cendarum
543 1214 902 1298 syntheticam
928 1230 1035 1267 non
1075 1211 1367 1290 recepisset
1397 1228 1572 1284 neque
1610 1211 1776 1265 ullam
1814 1200 2098 1266 veritatem

210 1294 670 1365 demonstratione
699 1325 800 1361 sua
829 1310 972 1360 esset
1012 1304 1360 1367 consecutus:
1402 1306 1575 1378 princi
1600 1295 1967 1377 piumrationis
1990 1292 2102 1358 suf-

209 1404 468 1475 ficientiS,
531 1420 633 1474 quo
684 1402 973 1455 veritatum
1034 1400 1302 1472 synthesis
1355 1405 1517 1472 atque
1567 1393 1636 1455 ab
1684 1405 1793 1454 una
1831 1399 1901 1454 ad
1938 1391 2098 1454 aliam

209 1498 467 1552 transitus
499 1497 614 1550 fieri
652 1495 788 1550 solet
826 1512 889 1549 ac
929 1494 1107 1561 debet,
1159 1493 1229 1548 ad
1267 1494 1662 1567 assequendum
1698 1493 2099 1566 metaphysicae

204 1592 366 1645 finem
418 1592 504 1645 vel
555 1589 626 1644 ad
684 1593 885 1644 terram
935 1571 1251 1669 coelumque
1302 1587 1627 1642 movendum
1679 1587 1935 1642 adhibere
1985 1588 2093 1641 iam

206 1703 314 1739 non
347 1685 537 1757 potuit.
577 1683 772 1755 Itaque
810 1683 912 1737 hoc
949 1679 1271 1754 principium
1308 1682 1410 1736 nisi
1457 1682 1594 1753 legis
1643 1666 1853 1753 logicae
1890 1671 2093 1735 nullam

207 1781 314 1835 vim
361 1779 505 1851 apud
545 1796 666 1832 eum
699 1775 939 1854 habebat
995 1777 1215 1848 eiusque
1270 1762 1421 1830 valor
1470 1775 1720 1846 restringi
1758 1762 2004 1829 debebat
2032 1792 2094 1837 ac

206 1875 394 1930 referri
451 1873 521 1927 ad
574 1873 717 1926 solas
763 1888 943 1924 rerum
997 1871 1054 1923 in
1109 1869 1266 1924 nobis
1315 1855 1880 1958 repraesentationes,
1919 1870 2096 1941 quum

202 1988 379 2048 lerum
430 1947 927 2050 cognoscendarum
990 1963 1199 2018 obiecta
1236 1981 1419 2018 earum
1460 1954 1670 2017 tantum
1720 1962 2096 2036 repraesenta-

204 2065 374 2116 tiones
413 2063 503 2115 ille
542 2060 840 2129 haberet2).

371 2178 489 2232 Iam
538 2193 666 2230 vero
715 2191 893 2228 nonne
933 2167 1168 2226 Humius
1221 2189 1343 2226 cum
1386 2171 1592 2226 Kantio
1646 2138 1930 2239 convenit,
1947 2168 2096 2241 quod

202 2272 281 2325 illi
307 2269 568 2342 principio
597 2270 653 2322 in
680 2267 902 2322 obiectis
943 2264 1310 2337 experientiae
1337 2267 1546 2318 tantum
1581 2261 1964 2338 cognoscendis
1998 2261 2094 2331 ali-

203 2383 363 2436 quam
413 2366 520 2420 vim
577 2362 809 2417 tribuit?
880 2360 1027 2415 Num
1080 2358 1270 2413 Kantii
1330 2342 1630 2428 sententia,
1685 2357 1780 2411 illo
1831 2356 2093 2429 principio

200 2457 758 2531 repraesentationum
796 2453 1202 2512 connexionem
1251 2451 1306 2505 in
1360 2451 1515 2506 nobis
1552 2452 1684 2522 ipsis
1721 2451 1874 2520 fieri,
1913 2448 2094 2504 differt

200 2555 269 2609 ab
309 2553 558 2625 opinione
605 2548 819 2618 Humii,
868 2547 1003 2610 illud
1019 2546 1359 2619 *principium
1393 2562 1509 2600 esse
1545 2562 1690 2600 mere
1735 2544 2093 2624 subiectivum

197 2651 228 2704 i.
269 2666 313 2703 e.
355 2665 458 2719 quo
496 2662 582 2699 res
614 2645 668 2698 in
706 2643 858 2698 nobis
894 2643 1328 2712 repraesentatas
1377 2639 1530 2693 unire
1578 2623 1893 2717 soleamus,P
1914 2620 2091 2716 neque

197 2742 360 2796 etiam
413 2739 664 2795 obiectivi
698 2738 909 2807 valoris,
951 2754 1054 2808 quo
1080 2753 1166 2803 res
1197 2735 1370 2789 reales
1409 2733 1713 2804 cogitentur
1726 2733 1765 2795 Ρ,
1811 2716 2090 2810 ,Kanum

148 2887 151 2890 ,
197 2836 360 2906 igitur
397 2834 597 2888 Humio
635 2833 738 2885 hac
776 2849 835 2885 re
869 2848 978 2895 non
1014 2834 1292 2901 praestare
1332 2828 1449 2899 quis
1486 2832 1569 2880 est
1596 2827 1686 2900 qui
1718 2824 2087 2908 nonffvideat?

374 2928 516 2982 Sane
571 2927 715 2980 illius
766 2924 1015 2997 principii
1072 2923 1334 2993 originem
1389 2921 1703 2992 aprioricam
1745 2924 1932 2975 contra
1968 2918 2087 2973 Hu—

197 3025 359 3077 mium
415 3027 470 3075 et
520 3020 783 3075 Lockium
842 3018 1032 3072 statuit
1076 3017 1323 3070 Kantius.
1399 3015 1474 3068 At
1526 3014 1581 3067 id
1618 3013 1823 3067 minimi
1856 3017 1939 3067 est
1973 3029 2085 3066 mo-

195 3117 379 3186 menti,
420 3134 579 3187 quum
605 3115 679 3168 ita
708 3132 882 3172 rerum
911 3109 1404 3199 cognoscendarum
1443 3108 1868 3176 coniunctionem
1908 3106 2085 3159 obiec-

1025 3348 1095 3364 ’,
1220 3352 1255 3360 --
1711 3340 1734 3359 Δι
1812 3334 1875 3368 ἰι

369 3413 415 3468 1)
448 3412 503 3455 cf.
535 3411 694 3467 Hegel.
727 3412 757 3454 l
793 3423 828 3452 c.
853 3423 955 3467 pag.
991 3411 1076 3455 13.
1296 3433 1303 3440 .
1491 3425 1494 3427 Α
1634 3402 1711 3441 ,,ῑ
1780 3406 1816 3438 ,ςυ
1859 3400 1902 3435 ιι

366 3491 536 3549 2)vid.
571 3448 1400 3546 (ΞεινΙΗοΡαςἩ209ιιιιιιι2.-
