2248 3828
1018 184 1096 239 =29

306 326 646 393 Φαινομένων
697 326 1219 397 repraesentationes
1267 341 1427 378 sensu
1453 327 1673 380 externo
1701 329 1757 381 et
1797 327 2006 382 interno

117 420 291 475 nobis
329 420 545 485 oblatae
547 419 761 477 mo
803 419 1115 473 reflectente
1152 417 1460 487 diligentius
1511 417 1850 489 effinguntur,
1899 422 2008 492 pri-

126 531 274 568 mum
310 512 526 584 quidem
561 521 747 579 mente,
785 529 922 583 quae
960 513 1015 566 in
1054 529 1118 567 eo
1162 514 1474 581 occupatur,
1530 515 1591 564 ut
1639 520 2006 583 repraesenta-

113 607 300 662 ‘tiones
336 624 435 678 per
470 622 659 660 sensus
696 605 798 659 sibi
834 604 1062 659 traditas
1099 605 1154 658 in
1194 603 1433 657 ordinem
1484 604 1751 676 quendam
1801 606 2009 676 digerat

128 701 162 755 i.
201 719 247 755 e.
287 701 446 756 certis
496 698 802 753 notionibus
851 698 1168 770 concipiat.r
1210 697 1333 751 Hae
1383 697 1744 768 quadruplicis
1797 699 2007 769 generis

126 795 240 851 sive
274 799 504 866 quatuor
532 792 959 863 'Kategoriarum
996 809 1133 863 quae
1172 809 1206 844 a
1253 790 1477 844 Kantio¹
1508 797 1766 850 vocantur
1822 797 2007 846 ternae

125 889 387 955 notiones,
424 889 550 944 licet
585 887 757 941 menti
789 905 822 940 a
857 885 1027 957 priori
1064 885 1258 938 insitae
1275 926 1290 953 ,
1340 888 1522 938 tamen
1563 884 1767 939 formae
1819 902 1915 955 per
1950 904 2008 939 se

125 986 249 1036 sunt
287 999 490 1038 vacuae
526 986 581 1035 et
617 980 771 1052 quasi
815 979 1064 1047 tabulae,
1122 978 1314 1049 quibus
1360 979 1877 1049 repraesentationes
1930 979 2007 1032 in-

21 1129 27 1135 .
115 1075 308 1130 'elusae
346 1091 552 1146 eaeque
599 1074 749 1127 solae
806 1076 1124 1143 argumenta
1178 1070 1470 1142 praebent,
1525 1070 1815 1125 secundum
1856 1071 2006 1124 illud

122 1155 355 1238 axioma,
393 1174 577 1222 omnes
616 1166 685 1220 de
722 1166 881 1220 rebus
918 1165 1047 1236 ipsis
1105 1163 1456 1234 cogitationes
1505 1163 1575 1216 ad
1615 1164 2009 1235 perceptionem

122 1281 243 1317 esse
271 1261 601 1318 referendas,
678 1260 799 1314 Hac
832 1259 920 1313 via
957 1259 1029 1312 ad
1066 1256 1438 1328 cognoscenda
1474 1258 1688 1328 singula
1725 1258 2006 1328 experien-

124 1356 233 1411 tiae
273 1355 483 1411 obiecta
503 1354 875 1426 pervenimus.
953 1352 1107 1414 Quae
1141 1364 1306 1423 quum
1344 1349 1595 1404 continua
1647 1350 2005 1419 cognitionum

121 1451 296 1505 series
325 1450 413 1519 sit,
447 1454 513 1502 ut
536 1448 751 1501 >harum
774 1447 1055 1518 complexu
1094 1446 1380 1516 potiamur,
1417 1443 1524 1498 alia
1561 1443 1725 1498 animi
1750 1444 2007 1502 facultate

130 1561 267 1615 opus
304 1547 405 1612 est,
436 1543 649 1598 >scilicet
698 1545 927 1595 ratione.
1016 1539 1179 1594 Cuius
1227 1538 1443 1609 quidem
1486 1537 1621 1605 haec
1665 1541 1744 1591 est
1798 1542 2008 1604 natura,

118 1642 197 1693 ut«
222 1637 294 1696 sit
328 1636 712 1708 principiorum
753 1634 870 1688 fons
891 1638 962 1686 fet
994 1632 1091 1701 vis,
1134 1649 1240 1703 qua
1276 1649 1345 1685 ex
1381 1631 1723 1703 generalibus
1753 1630 2007 1702 specialia

107 1729 509 1800 intelligantur,
534 1733 592 1783 et
618 1746 754 1800 quae
778 1728 913 1781 nihil
951 1725 1097 1780 aliud
1136 1728 1267 1797 agat
1286 1743 1447 1796 quam
1471 1727 1532 1777 ut
1557 1725 1802 1799 scientias
1828 1727 2006 1778 mente

100 1828 455 1895 ,comparatas
494 1841 563 1876 ex
600 1822 877 1893 principiis
931 1820 1087 1875 certis
1140 1818 1540 1890 exploratisque
1605 1817 1886 1887 concipiat,
1919 1818 2003 1871 vel

117 1908 177 1972 iis
207 1933 492 1985 numerum
526 1933 687 1988 quam
742 1914 1021 1968 minimum
1057 1913 1283 1967 reducat
1330 1912 1362 1964 i.
1407 1928 1453 1965 e.
1505 1912 1712 1965 unitate
1768 1911 1907 1963 inter
1943 1927 2001 1967 se

118 2010 482 2066 cohaerentes·
506 2008 703 2063 reddat
730 2014 784 2072 ¹).
859 2008 1037 2070 Quare
1074 2006 1210 2060 ratio
1249 2022 1436 2069 norma
1475 2003 1736 2075 quaedam
1776 2007 1885 2072 est,
1933 2003 2004 2057 ad

117 2122 281 2177 quam
318 2104 447 2158 illae
498 2101 832 2173 cognitiones
888 2100 1221 2153 destinentur
1247 2139 1261 2166 ,
1315 2115 1490 2167 neque
1542 2098 1707 2151 etiam
1756 2097 2001 2160 facultas,

102 2215 228 2270 qua
269 2213 443 2252 novae
481 2196 621 2248 aliae
658 2195 910 2249 veritates
931 2194 1353 2260 constituantur3
1391 2191 1575 2262 itaque
1600 2190 1823 2243 rationis
1849 2189 2004 2244 ideae

110 2291 356 2348 ‚unitivae
390 2321 457 2329 --
497 2288 1048 2360 repraesentationum
1085 2286 1141 2340 in
1179 2284 1416 2338 subiecto
1454 2284 1650 2352 unitas,
1677 2284 2004 2351 φαινομένων

114 2387 178 2441 in.
206 2385 431 2442 obiectis
467 2382 750 2455 synthesis,
789 2399 884 2436 ens
925 2379 1156 2452 denique
1206 2395 1470 2432 summum
1522 2380 1577 2431 et
1633 2375 1868 2430 omnium
1918 2391 2000 2428 re-

104 2497 236 2534 -rum
299 2478 452 2551 quasi
514 2473 888 2545 πρωτότυπον,
948 2473 1139 2546 quibus
1198 2472 1366 2526 tribus
1415 2470 1553 2524 ideis
1607 2467 2003 2540 psychologiae,

111 2572 486 2644 kosmologiae
523 2569 936 2641 theologiaeque
972 2567 1262 2623 rationales
1300 2563 1612 2635 disciplinae
1671 2561 2000 2616 constituun-

116 2674 203 2723 tur
240 2697 324 2713 ---
345 2667 530 2723 valore
568 2663 836 2719 obiectivo
871 2666 1060 2717 carent
1079 2661 1142 2728 2).

283 2761 582 2832 Postquam
618 2757 893 2828 hucusque
926 2755 1159 2810 Kantius
1194 2765 1280 2806 res
1317 2753 1462 2825 ipsas
1500 2750 1568 2804 ab
1606 2754 1823 2803 nostrae
1872 2765 2000 2818 vcog·-

115 2855 358 2911 nitionis
401 2851 608 2907 ambitu
666 2850 926 2919 exclusit3
984 2864 1197 2902 omnem
1255 2845 1410 2899 nobis
1466 2861 1625 2915 porro
1691 2841 2000 2901 facultatem

106 2947 290 3020 eripit,
326 2963 435 3019 qua
471 2944 543 3000 ad
573 2945 708 2999 alias
747 2943 998 2997 veritates
1035 2939 1456 3011 progrediamur,
1497 2953 1657 3007 quum
1718 2933 1881 2990 animi
1918 2932 1997 3011 vis

14 3067 18 3069 -
112 3040 456 3096 constitutiva
488 3041 600 3094 sive
639 3038 1006 3110 spontaneitas
1046 3033 1283 3104 angustis
1339 3029 1723 3101 receptivitatis
1762 3026 1998 3089 terminis

113 3133 410 3191 coercenda
448 3134 534 3189 sit.

240 3455 242 3458 .
285 3404 333 3458 1)
369 3402 426 3445 cf.
458 3401 595 3450 Kant.
628 3399 746 3444 Krit.
778 3399 821 3441 d.
851 3396 963 3443 rein.
995 3397 1134 3442 Vern.
1167 3386 1271 3453 pag.
1299 3394 1396 3439 362.

285 3482 335 3538 2)
370 3480 481 3527 ibid.
510 3481 540 3524 1.
568 3494 607 3525 ο.
637 3493 740 3537 pag.
771 3476 986 3523 391-93.
