2248 3828
1145 168 1207 218 14

218 315 362 365 recte
398 310 543 365 facta
580 325 702 362 eum
756 323 867 359 non
923 305 1242 375 adduxerit,
1302 310 1365 360 ut
1417 307 1815 378 inquisitionem
1856 309 2105 364 *funditus

218 421 411 458 novam
449 403 767 455 institueret.
829 400 939 453 Our
975 399 1140 469 igitur
1175 399 1554 471 philosophiae
1587 418 1718 455 suae
1754 401 2106 458 fundamento

219 496 462 552 diffidere
498 513 606 550 non
644 494 858 547 induxit
894 493 1130 547 animum
1149 493 1231 561 1)?

385 589 815 661 Respondemus,
856 605 977 640 eum
1012 604 1111 659 pro
1145 587 1365 659 propria
1403 588 1487 642 sui
1523 587 1727 657 ingenii
1759 594 1957 645 natura
1995 609 2107 644 ma·

216 687 299 757 gis
338 704 368 740 6
404 682 712 757 praemissis
747 682 1078 736 consectaria
1127 698 1314 736 eruere
1375 680 1647 734 studuisse
1715 686 1882 754 atque
1916 685 1973 737 in
2012 684 2108 739 de-

219 779 474 835 ducendis
534 777 712 848 potius
775 776 863 829 vel
926 774 1302 846 comparandis
1370 775 1774 829 difficultatibus
1804 777 1808 782 ’
1836 783 2108 832 versatum

218 891 364 942 esse,
425 890 584 944 quam
634 871 691 924 in
729 869 1109 937 dissolvendis,
1165 869 1488 923 1111116111161
1538 869 1703 923 nimia
1735 869 2111 942 philosophiae

216 968 527 1022 Lockianae
566 963 710 1035 apud
761 981 943 1017 omnes
992 963 1313 1017 auctoritate
1368 963 1686 1035 impeditum
1734 963 1926 1035 fuisse,
1981 983 2110 1037 quo·

217 1061 390 1114 minus
430 1060 543 1113 eius
577 1057 850 1129 principiis
889 1056 1187 1127 diffideret3
1225 1058 1411 1130 itaque
1447 1075 1569 1112 eum
1605 1058 1661 1111 in
1694 1059 1936 1113 terminis
1956 1077 2111 1131 scep-

219 1154 413 1208 ticismi
450 1159 512 1206 ut
553 1156 889 1224 opportunae
924 1150 1165 1205 methodi
1203 1152 1536 1223 acquievisse
1550 1152 1613 1220 2).

381 1246 659 1315 Attamen,
721 1263 1047 1318 quamquam
1118 1245 1185 1298 de
1239 1246 1445 1316 gloria,
1487 1246 1635 1300 cuius
1705 1237 2112 1318 consequendae

214 1342 462 1415 proxima
498 1341 546 1394 ei
585 1340 768 1393 oblata
807 1344 923 1394 crat
950 1339 1177 1404 occasio,
1217 1357 1324 1394 non
1363 1339 1636 1410 cogitavit,
1675 1339 1733 1393 id
1772 1346 1918 1396 certe
1954 1358 2112 1413 prae-

215 1438 415 1491 stitisse
455 1435 712 1490 dicendus
749 1438 846 1501 est,
884 1438 946 1487 ut
981 1433 1207 1504 posteris
1245 1432 1616 1504 persuaderet,
1644 1435 2006 1506 empirismum
2043 1435 2113 1489 ad

218 1529 510 1584 absurdum
550 1527 744 1581 ducere
775 1544 950 1598 neque
990 1531 1192 1581 certam
1231 1543 1348 1579 esse
1387 1527 1548 1597 viam,
1590 1545 1696 1599 qua
1729 1529 1984 1583 veritates
2022 1540 2115 1583 116·

217 1624 476 1678 cessarias
502 1621 638 1675 ratio
674 1620 911 1674 humana
949 1619 1193 1674 stabilire
1227 1625 1427 1691 posset,
1468 1625 1635 1692 utque
1673 1622 1753 1675 ita
1808 1622 1877 1676 ad
1939 1622 2113 1694 philo-

216 1717 460 1788 sophiam
498 1716 712 1787 penitus
748 1714 1147 1768 reformandam
1191 1714 1452 1786 novisque
1498 1715 1774 1787 principiis
1830 1718 2112 1770 exstruen-

218 1810 343 1864 dam
381 1810 674 1863 manifeste
711 1809 1016 1880 impelleret
1030 1809 1092 1878 3).

387 1904 579 1974 Neque
615 1919 742 1957 vero
780 1902 836 1956 in
874 1920 973 1955 sua
1008 1903 1174 1973 ipsius
1210 1902 1388 1974 patria
1419 1902 1558 1956 hanc
1605 1902 1982 1975 philosophiae
2029 1921 2112 1958 re-

217 1998 622 2068 generationem
661 2001 976 2067 exoptatam
1015 1996 1345 2068 provocavit‚
1377 2013 1541 2068 quum
1578 1996 1654 2050 ibi
1692 1996 1805 2051 eius
1839 1996 2114 2053 doctrinae

215 2096 586 2164 repugnarent
624 2090 841 2161 quidem
873 2089 1229 2159 acerbissime,
1269 2094 1327 2144 at
1362 2109 1469 2145 non
1523 2109 1556 2144 a
1592 2091 1758 2161 fonte,
1810 2091 1953 2145 unde
1988 2109 2111 2163 pro·

216 2189 475 2255 fluxerat,
531 2185 1009 2256 proficiscerentur.
1097 2183 1239 2238 Nam
1304 2184 1625 2240 adversarii:
1697 2185 1952 2254 Reidius,
2011 2185 2111 2239 Os-

217 2280 458 2349 waldius,
496 2279 774 2348 Beathius‚
812 2278 1152 2333 Priestleius:
1209 2295 1290 2348 ea,
1357 2278 1423 2333 de
1463 2278 1655 2350 quibus
1691 2283 1753 2332 ut
1789 2278 1964 2332 dubiis
2004 2278 2111 2333 dis-

214 2375 549 2446 putationem
585 2373 969 2428 instituendam
1006 2390 1124 2427 esse
1163 2372 1418 2427 censebat
1455 2371 1703 2442 Humius‚
1761 2389 2018 2427 concessa
2057 2378 2111 2426 et

216 2470 323 2521 iam
356 2468 607 2522 absoluta
644 2467 1055 2537 existimabant3
1108 2484 1245 2538 quae
1293 2483 1420 2521 vero
1481 2484 1719 2538 unquam
1778 2466 1834 2520 in
1889 2466 2111 2519 dubium

219 2579 408 2615 vocare
445 2563 525 2615 illi
558 2562 612 2615 in
651 2567 886 2616 mentem
924 2561 1143 2615 minime
1178 2565 1429 2628 venerat,
1489 2577 1554 2614 ea
1592 2559 1787 2615 acriter
1823 2558 2114 2614 studebant

219 2655 586 2710 demonstrare
626 2656 694 2709 ad
734 2673 951 2710 sensum
1010 2671 1346 2710 communem
1390 2659 1648 2725 tanquam
1705 2654 1776 2707 ad
1838 2654 2112 2709 oraculum

217 2754 572 2819 provocantes
592 2750 656 2819 4).

358 2842 552 2914 Itaque
586 2843 788 2897 Kantio
822 2843 1068 2898 relictum
1090 2883 1094 2889 .
1114 2847 1212 2909 est,
1244 2847 1306 2896 ut
1339 2860 1477 2912 eam,
1513 2861 1675 2914 quam
1701 2842 1933 2896 Humius
1979 2842 2112 2896 satis

400 3093 442 3146 1)
476 3091 631 3135 Kantii
670 3093 848 3147 „Kritik
882 3095 962 3137 der
989 3098 1131 3151 praet.
1163 3094 1328 3138 Vern.“
1361 3107 1466 3151 pag.
1496 3093 1596 3140 465.

390 3171 436 3227 2)
467 3171 642 3216 Ibidem
674 3174 703 3216 1.
741 3188 777 3217 6.
810 3188 912 3231 pag.
945 3173 1049 3220 466.

390 3249 440 3307 3)
471 3250 517 3293 cf
558 3252 769 3296 Tennem.
798 3254 827 3299 l.
861 3267 897 3297 6.
924 3267 1028 3310 pag
1061 3253 1162 3300 467.

387 3330 434 3385 4)
465 3329 619 3373 Kantii
662 3333 1021 3389 „Prolegomena
1062 3348 1117 3376 zu
1167 3334 1292 3379 einer
1331 3333 1471 3389 jeden
1517 3318 1757 3390 kiinftigen
1806 3331 2110 3390 Metaphy'sik.

218 3406 334 3465 Riga
366 3408 526 3455 17835‘
558 3424 662 3467 pag
694 3410 720 3454 9
751 3426 815 3469 sq
850 3438 902 3444 --
934 3412 1068 3457 Rixn
1102 3415 1127 3457 1.
1161 3427 1198 3457 6.
1231 3414 1271 3469 ξ
1302 3413 1399 3458 113.
