<?xml version="1.0" encoding="UTF-8"?>
<!DOCTYPE html PUBLIC "-//W3C//DTD XHTML 1.0 Transitional//EN"
    "http://www.w3.org/TR/xhtml1/DTD/xhtml1-transitional.dtd">
<html xmlns="http://www.w3.org/1999/xhtml" xml:lang="en" lang="en">
 <head>
  <title>
</title>
<meta http-equiv="Content-Type" content="text/html;charset=utf-8" />
  <meta name='ocr-system' content='tesseract 3.04.00' />
  <meta name='ocr-capabilities' content='ocr_page ocr_carea ocr_par ocr_line ocrx_word'/>
</head>
<body>
  <div class='ocr_page' id='page_1' title='image "./philosophiaekant00bach_0036.png"; bbox 0 0 2248 3828; ppageno 0'>
   <div class='ocr_carea' id='block_1_1' title="bbox 1158 172 1230 231">
    <p class='ocr_par' dir='ltr' id='par_1_1' title="bbox 1158 172 1230 231">
     <span class='ocr_line' id='line_1_1' title="bbox 1158 172 1230 231; baseline -0.014 0"><span class='ocrx_word' id='word_1_1' title='bbox 1158 172 1230 231; x_wconf 77' lang='lat'><strong>30</strong></span> 
     </span>
    </p>
   </div>
   <div class='ocr_carea' id='block_1_2' title="bbox 246 314 2143 2921">
    <p class='ocr_par' dir='ltr' id='par_1_2' title="bbox 246 314 2136 953">
     <span class='ocr_line' id='line_1_2' title="bbox 415 314 2131 394; baseline -0.003 -20"><span class='ocrx_word' id='word_1_2' title='bbox 415 319 499 374; x_wconf 84' lang='lat' dir='ltr'><strong>Ea</strong></span> <span class='ocrx_word' id='word_1_3' title='bbox 536 321 752 394; x_wconf 88' lang='lat' dir='ltr'><strong>quidem</strong></span> <span class='ocrx_word' id='word_1_4' title='bbox 788 321 907 391; x_wconf 88' lang='lat' dir='ltr'><strong>ipsa</strong></span> <span class='ocrx_word' id='word_1_5' title='bbox 944 316 1345 386; x_wconf 75' lang='lat' dir='ltr'><strong>demonstratio,</strong></span> <span class='ocrx_word' id='word_1_6' title='bbox 1381 334 1488 389; x_wconf 90' lang='lat' dir='ltr'><strong>qua</strong></span> <span class='ocrx_word' id='word_1_7' title='bbox 1537 314 1767 370; x_wconf 85' lang='lat' dir='ltr'><strong>eandem</strong></span> <span class='ocrx_word' id='word_1_8' title='bbox 1816 315 1930 370; x_wconf 85' lang='lat' dir='ltr'><strong>fere</strong></span> <span class='ocrx_word' id='word_1_9' title='bbox 1964 314 2131 370; x_wconf 86' lang='lat' dir='ltr'><strong>menti</strong></span> 
     </span>
     <span class='ocr_line' id='line_1_3' title="bbox 247 409 2132 484; baseline -0.004 -17"><span class='ocrx_word' id='word_1_10' title='bbox 247 431 311 467; x_wconf 88' lang='lat' dir='ltr'><strong>ac</strong></span> <span class='ocrx_word' id='word_1_11' title='bbox 346 415 539 468; x_wconf 87' lang='lat' dir='ltr'><strong>rationi</strong></span> <span class='ocrx_word' id='word_1_12' title='bbox 573 415 681 469; x_wconf 89' lang='lat' dir='ltr'><strong>vim</strong></span> <span class='ocrx_word' id='word_1_13' title='bbox 720 413 921 477; x_wconf 89' lang='lat' dir='ltr'><strong>tribuit,</strong></span> <span class='ocrx_word' id='word_1_14' title='bbox 976 430 1082 484; x_wconf 88' lang='lat' dir='ltr'><strong>qua</strong></span> <span class='ocrx_word' id='word_1_15' title='bbox 1126 410 1473 482; x_wconf 87' lang='lat' dir='ltr'><strong>praecipuam</strong></span> <span class='ocrx_word' id='word_1_16' title='bbox 1522 409 1744 462; x_wconf 88' lang='lat' dir='ltr'><strong>rationis</strong></span> <span class='ocrx_word' id='word_1_17' title='bbox 1792 411 2042 462; x_wconf 87' lang='lat' dir='ltr'><strong>naturam</strong></span> <span class='ocrx_word' id='word_1_18' title='bbox 2078 409 2132 461; x_wconf 91' lang='lat' dir='ltr'><strong>in</strong></span> 
     </span>
     <span class='ocr_line' id='line_1_4' title="bbox 247 501 2132 579; baseline -0.003 -17"><span class='ocrx_word' id='word_1_19' title='bbox 247 527 311 563; x_wconf 92' lang='lat' dir='ltr'><strong>eo</strong></span> <span class='ocrx_word' id='word_1_20' title='bbox 345 507 577 579; x_wconf 80' lang='lat' dir='ltr'><strong>positam</strong></span> <span class='ocrx_word' id='word_1_21' title='bbox 616 526 734 562; x_wconf 88' lang='lat' dir='ltr'><strong>esse</strong></span> <span class='ocrx_word' id='word_1_22' title='bbox 771 506 1020 574; x_wconf 79' lang='lat' dir='ltr'>inculcat,</span> <span class='ocrx_word' id='word_1_23' title='bbox 1059 508 1120 558; x_wconf 89' lang='lat' dir='ltr'><strong>ut</strong></span> <span class='ocrx_word' id='word_1_24' title='bbox 1152 504 1345 558; x_wconf 90' lang='lat' dir='ltr'><strong>mentis</strong></span> <span class='ocrx_word' id='word_1_25' title='bbox 1383 503 1716 574; x_wconf 73' lang='lat' dir='ltr'><strong>cognitiones</strong></span> <span class='ocrx_word' id='word_1_26' title='bbox 1758 501 1994 573; x_wconf 85' lang='lat' dir='ltr'><strong>excipiat</strong></span> <span class='ocrx_word' id='word_1_27' title='bbox 2041 520 2132 556; x_wconf 81' lang='lat' dir='ltr'><strong>ex-</strong></span> 
     </span>
     <span class='ocr_line' id='line_1_5' title="bbox 247 596 2134 674; baseline -0.005 -17"><span class='ocrx_word' id='word_1_28' title='bbox 247 606 541 674; x_wconf 84' lang='lat' dir='ltr'><strong>ceptasque</strong></span> <span class='ocrx_word' id='word_1_29' title='bbox 601 603 779 670; x_wconf 90' lang='lat' dir='ltr'><strong>uniat,</strong></span> <span class='ocrx_word' id='word_1_30' title='bbox 827 617 932 672; x_wconf 88' lang='lat' dir='ltr'><strong>qua</strong></span> <span class='ocrx_word' id='word_1_31' title='bbox 979 599 1143 670; x_wconf 86' lang='lat' dir='ltr'><strong>igitur</strong></span> <span class='ocrx_word' id='word_1_32' title='bbox 1197 599 1460 652; x_wconf 87' lang='lat' dir='ltr'><strong>rationem</strong></span> <span class='ocrx_word' id='word_1_33' title='bbox 1513 615 1611 668; x_wconf 91' lang='lat' dir='ltr'><strong>pro</strong></span> <span class='ocrx_word' id='word_1_34' title='bbox 1664 596 1875 649; x_wconf 85' lang='lat' dir='ltr'><strong>formali</strong></span> <span class='ocrx_word' id='word_1_35' title='bbox 1925 599 2134 650; x_wconf 87' lang='lat' dir='ltr'><strong>tantum</strong></span> 
     </span>
     <span class='ocr_line' id='line_1_6' title="bbox 249 689 2134 768; baseline -0.004 -19"><span class='ocrx_word' id='word_1_36' title='bbox 249 696 512 768; x_wconf 85' lang='lat' dir='ltr'><strong>principio</strong></span> <span class='ocrx_word' id='word_1_37' title='bbox 551 695 717 749; x_wconf 91' lang='lat' dir='ltr'><strong>habet</strong></span> <span class='ocrx_word' id='word_1_38' title='bbox 755 698 810 747; x_wconf 91' lang='lat' dir='ltr'><strong>et</strong></span> <span class='ocrx_word' id='word_1_39' title='bbox 845 708 1033 748; x_wconf 88' lang='lat' dir='ltr'><strong>revera</strong></span> <span class='ocrx_word' id='word_1_40' title='bbox 1068 709 1165 764; x_wconf 91' lang='lat' dir='ltr'><strong>pro</strong></span> <span class='ocrx_word' id='word_1_41' title='bbox 1202 692 1316 746; x_wconf 88' lang='lat' dir='ltr'><strong>solo</strong></span> <span class='ocrx_word' id='word_1_42' title='bbox 1366 692 1560 745; x_wconf 89' lang='lat' dir='ltr'><strong>mentis</strong></span> <span class='ocrx_word' id='word_1_43' title='bbox 1610 689 1844 762; x_wconf 87' lang='lat' dir='ltr'><strong>quodam</strong></span> <span class='ocrx_word' id='word_1_44' title='bbox 1899 689 2134 760; x_wconf 88' lang='lat' dir='ltr'><strong>comple-</strong></span> 
     </span>
     <span class='ocr_line' id='line_1_7' title="bbox 246 782 2136 858; baseline -0.004 -15"><span class='ocrx_word' id='word_1_45' title='bbox 246 793 444 857; x_wconf 83' lang='lat' dir='ltr'><strong>mento,</strong></span> <span class='ocrx_word' id='word_1_46' title='bbox 482 806 568 842; x_wconf 90' lang='lat' dir='ltr'><strong>res</strong></span> <span class='ocrx_word' id='word_1_47' title='bbox 622 792 703 841; x_wconf 89' lang='lat' dir='ltr'><strong>est</strong></span> <span class='ocrx_word' id='word_1_48' title='bbox 758 786 1105 858; x_wconf 87' lang='lat' dir='ltr'><strong>gravissima,</strong></span> <span class='ocrx_word' id='word_1_49' title='bbox 1157 804 1262 858; x_wconf 90' lang='lat' dir='ltr'><strong>qua</strong></span> <span class='ocrx_word' id='word_1_50' title='bbox 1312 803 1433 839; x_wconf 90' lang='lat' dir='ltr'><strong>cum</strong></span> <span class='ocrx_word' id='word_1_51' title='bbox 1481 784 1748 856; x_wconf 79' lang='lat' dir='ltr'><strong>prioribus</strong></span> <span class='ocrx_word' id='word_1_52' title='bbox 1799 782 2034 854; x_wconf 85' lang='lat' dir='ltr'><strong>Angliac</strong></span> <span class='ocrx_word' id='word_1_53' title='bbox 2082 785 2136 835; x_wconf 90' lang='lat' dir='ltr'><strong>et</strong></span> 
     </span>
     <span class='ocr_line' id='line_1_8' title="bbox 246 878 1662 953; baseline -0.004 -16"><span class='ocrx_word' id='word_1_54' title='bbox 246 882 656 953; x_wconf 71' lang='lat' dir='ltr'><strong>Francogalliae</strong></span> <span class='ocrx_word' id='word_1_55' title='bbox 692 880 1028 953; x_wconf 87' lang='lat' dir='ltr'><strong>philosophis</strong></span> <span class='ocrx_word' id='word_1_56' title='bbox 1063 879 1358 933; x_wconf 86' lang='lat' dir='ltr'><strong>arctissime</strong></span> <span class='ocrx_word' id='word_1_57' title='bbox 1396 878 1662 933; x_wconf 77' lang='lat' dir='ltr'><strong>cohaeret.</strong></span> 
     </span>
    </p>

    <p class='ocr_par' dir='ltr' id='par_1_3' title="bbox 248 972 2142 1889">
     <span class='ocr_line' id='line_1_9' title="bbox 421 972 2136 1043; baseline -0.002 -14"><span class='ocrx_word' id='word_1_58' title='bbox 421 975 563 1029; x_wconf 83' lang='lat' dir='ltr'><strong>Sane</strong></span> <span class='ocrx_word' id='word_1_59' title='bbox 598 975 820 1028; x_wconf 89' lang='lat' dir='ltr'><strong>rationis</strong></span> <span class='ocrx_word' id='word_1_60' title='bbox 861 977 944 1028; x_wconf 88' lang='lat' dir='ltr'><strong>est</strong></span> <span class='ocrx_word' id='word_1_61' title='bbox 978 975 1060 1028; x_wconf 88' lang='lat' dir='ltr'><strong>vis</strong></span> <span class='ocrx_word' id='word_1_62' title='bbox 1098 973 1282 1028; x_wconf 88' lang='lat' dir='ltr'><strong>critica</strong></span> <span class='ocrx_word' id='word_1_63' title='bbox 1329 973 1362 1028; x_wconf 86' lang='lat' dir='ltr'><strong>i.</strong></span> <span class='ocrx_word' id='word_1_64' title='bbox 1419 990 1463 1026; x_wconf 88' lang='lat' dir='ltr'><strong>e.</strong></span> <span class='ocrx_word' id='word_1_65' title='bbox 1522 990 1629 1043; x_wconf 90' lang='lat' dir='ltr'><strong>qua</strong></span> <span class='ocrx_word' id='word_1_66' title='bbox 1682 972 1912 1040; x_wconf 88' lang='lat' dir='ltr'><strong>iudicet,</strong></span> <span class='ocrx_word' id='word_1_67' title='bbox 1957 974 2136 1025; x_wconf 79' lang='lat' dir='ltr'><strong>utrum</strong></span> 
     </span>
     <span class='ocr_line' id='line_1_10' title="bbox 250 1065 2137 1140; baseline -0.002 -18"><span class='ocrx_word' id='word_1_68' title='bbox 250 1069 444 1123; x_wconf 90' lang='lat' dir='ltr'><strong>mentis</strong></span> <span class='ocrx_word' id='word_1_69' title='bbox 482 1069 812 1140; x_wconf 80' lang='lat' dir='ltr'><strong>cognitiones</strong></span> <span class='ocrx_word' id='word_1_70' title='bbox 849 1068 1060 1138; x_wconf 88' lang='lat' dir='ltr'><strong>legibus</strong></span> <span class='ocrx_word' id='word_1_71' title='bbox 1099 1067 1286 1138; x_wconf 78' lang='lat' dir='ltr'><strong>logicis</strong></span> <span class='ocrx_word' id='word_1_72' title='bbox 1324 1067 1646 1122; x_wconf 89' lang='lat' dir='ltr'><strong>conveniant</strong></span> <span class='ocrx_word' id='word_1_73' title='bbox 1679 1083 1878 1136; x_wconf 78' lang='lat' dir='ltr'><strong>neen03</strong></span> <span class='ocrx_word' id='word_1_74' title='bbox 1934 1065 2030 1119; x_wconf 84' lang='lat' dir='ltr'><strong>sed</strong></span> <span class='ocrx_word' id='word_1_75' title='bbox 2067 1065 2137 1118; x_wconf 84' lang='lat' dir='ltr'><strong>ad</strong></span> 
     </span>
     <span class='ocr_line' id='line_1_11' title="bbox 248 1161 2135 1233; baseline -0.001 -18"><span class='ocrx_word' id='word_1_76' title='bbox 248 1164 388 1218; x_wconf 88' lang='lat' dir='ltr'><strong>hanc</strong></span> <span class='ocrx_word' id='word_1_77' title='bbox 424 1164 533 1217; x_wconf 86' lang='lat' dir='ltr'><strong>vim</strong></span> <span class='ocrx_word' id='word_1_78' title='bbox 572 1163 679 1216; x_wconf 87' lang='lat' dir='ltr'><strong>alia</strong></span> <span class='ocrx_word' id='word_1_79' title='bbox 717 1161 924 1217; x_wconf 89' lang='lat' dir='ltr'><strong>accedit</strong></span> <span class='ocrx_word' id='word_1_80' title='bbox 960 1179 1130 1233; x_wconf 88' lang='lat' dir='ltr'><strong>eaque</strong></span> <span class='ocrx_word' id='word_1_81' title='bbox 1167 1162 1334 1215; x_wconf 86' lang='lat' dir='ltr'><strong>multo</strong></span> <span class='ocrx_word' id='word_1_82' title='bbox 1393 1162 1652 1232; x_wconf 77' lang='lat' dir='ltr'><strong>superior,</strong></span> <span class='ocrx_word' id='word_1_83' title='bbox 1708 1161 1918 1215; x_wconf 89' lang='lat' dir='ltr'><strong>scilicet</strong></span> <span class='ocrx_word' id='word_1_84' title='bbox 1966 1162 2135 1213; x_wconf 87' lang='lat' dir='ltr'><strong>meta-</strong></span> 
     </span>
     <span class='ocr_line' id='line_1_12' title="bbox 249 1253 2139 1327; baseline -0.003 -18"><span class='ocrx_word' id='word_1_85' title='bbox 249 1254 470 1327; x_wconf 84' lang='lat' dir='ltr'><strong>physica</strong></span> <span class='ocrx_word' id='word_1_86' title='bbox 507 1256 619 1309; x_wconf 88' lang='lat' dir='ltr'><strong>sive</strong></span> <span class='ocrx_word' id='word_1_87' title='bbox 650 1255 1174 1323; x_wconf 73' lang='lat' dir='ltr'><strong>transscendentaliS,</strong></span> <span class='ocrx_word' id='word_1_88' title='bbox 1208 1273 1314 1326; x_wconf 87' lang='lat' dir='ltr'><strong>qua</strong></span> <span class='ocrx_word' id='word_1_89' title='bbox 1351 1254 1687 1325; x_wconf 74' lang='grc' dir='ltr'><strong><em>φαινομένοις</em></strong></span> <span class='ocrx_word' id='word_1_90' title='bbox 1735 1271 1923 1306; x_wconf 87' lang='lat' dir='ltr'><strong>causas</strong></span> <span class='ocrx_word' id='word_1_91' title='bbox 1965 1253 2139 1307; x_wconf 83' lang='lat' dir='ltr'><strong>reales</strong></span> 
     </span>
     <span class='ocr_line' id='line_1_13' title="bbox 251 1346 2137 1420; baseline -0.002 -17"><span class='ocrx_word' id='word_1_92' title='bbox 251 1349 489 1403; x_wconf 88' lang='lat' dir='ltr'><strong>vindicet</strong></span> <span class='ocrx_word' id='word_1_93' title='bbox 524 1349 696 1420; x_wconf 90' lang='lat' dir='ltr'><strong>iisque</strong></span> <span class='ocrx_word' id='word_1_94' title='bbox 733 1349 1157 1403; x_wconf 84' lang='lat' dir='ltr'><strong>obiectivitatem</strong></span> <span class='ocrx_word' id='word_1_95' title='bbox 1195 1347 1458 1402; x_wconf 82' lang='lat' dir='ltr'><strong>attribuat</strong></span> <span class='ocrx_word' id='word_1_96' title='bbox 1492 1351 1655 1418; x_wconf 89' lang='lat' dir='ltr'><strong>atque</strong></span> <span class='ocrx_word' id='word_1_97' title='bbox 1691 1347 1747 1400; x_wconf 94' lang='lat' dir='ltr'><strong>in</strong></span> <span class='ocrx_word' id='word_1_98' title='bbox 1768 1346 2137 1401; x_wconf 81' lang='lat' dir='ltr'><strong>ratiocinando</strong></span> 
     </span>
     <span class='ocr_line' id='line_1_14' title="bbox 251 1440 2140 1515; baseline -0.002 -18"><span class='ocrx_word' id='word_1_99' title='bbox 251 1459 487 1515; x_wconf 87' lang='lat' dir='ltr'><strong>cousque</strong></span> <span class='ocrx_word' id='word_1_100' title='bbox 525 1440 800 1514; x_wconf 85' lang='lat' dir='ltr'><strong>procedat,</strong></span> <span class='ocrx_word' id='word_1_101' title='bbox 839 1442 1012 1496; x_wconf 86' lang='lat' dir='ltr'><strong>donec</strong></span> <span class='ocrx_word' id='word_1_102' title='bbox 1049 1442 1120 1496; x_wconf 87' lang='lat' dir='ltr'><strong>ad</strong></span> <span class='ocrx_word' id='word_1_103' title='bbox 1159 1459 1377 1496; x_wconf 88' lang='lat' dir='ltr'><strong>causam</strong></span> <span class='ocrx_word' id='word_1_104' title='bbox 1414 1442 1651 1495; x_wconf 90' lang='lat' dir='ltr'><strong>omnium</strong></span> <span class='ocrx_word' id='word_1_105' title='bbox 1696 1458 1875 1494; x_wconf 88' lang='lat' dir='ltr'><strong>rerum</strong></span> <span class='ocrx_word' id='word_1_106' title='bbox 1929 1441 2140 1496; x_wconf 90' lang='lat' dir='ltr'><strong>absolu-</strong></span> 
     </span>
     <span class='ocr_line' id='line_1_15' title="bbox 252 1534 2140 1608; baseline -0.002 -18"><span class='ocrx_word' id='word_1_107' title='bbox 252 1542 362 1591; x_wconf 89' lang='lat' dir='ltr'><strong>tam</strong></span> <span class='ocrx_word' id='word_1_108' title='bbox 398 1537 658 1608; x_wconf 88' lang='lat' dir='ltr'><strong>pervenit.</strong></span> <span class='ocrx_word' id='word_1_109' title='bbox 732 1536 927 1608; x_wconf 90' lang='lat' dir='ltr'><strong>Itaque</strong></span> <span class='ocrx_word' id='word_1_110' title='bbox 961 1537 1098 1590; x_wconf 88' lang='lat' dir='ltr'><strong>ratio</strong></span> <span class='ocrx_word' id='word_1_111' title='bbox 1135 1539 1353 1608; x_wconf 83' lang='lat' dir='ltr'><strong>praeter</strong></span> <span class='ocrx_word' id='word_1_112' title='bbox 1385 1536 1726 1606; x_wconf 81' lang='lat' dir='ltr'><strong>negativam,</strong></span> <span class='ocrx_word' id='word_1_113' title='bbox 1781 1552 1942 1606; x_wconf 88' lang='lat' dir='ltr'><strong>quam</strong></span> <span class='ocrx_word' id='word_1_114' title='bbox 1991 1534 2140 1588; x_wconf 88' lang='lat' dir='ltr'><strong>Kan-</strong></span> 
     </span>
     <span class='ocr_line' id='line_1_16' title="bbox 252 1629 2141 1703; baseline -0.002 -17"><span class='ocrx_word' id='word_1_115' title='bbox 252 1632 359 1686; x_wconf 86' lang='lat' dir='ltr'><strong>tius</strong></span> <span class='ocrx_word' id='word_1_116' title='bbox 399 1632 448 1684; x_wconf 89' lang='lat' dir='ltr'><strong>ei</strong></span> <span class='ocrx_word' id='word_1_117' title='bbox 486 1630 742 1702; x_wconf 85' lang='lat' dir='ltr'><strong>concedit,</strong></span> <span class='ocrx_word' id='word_1_118' title='bbox 780 1631 946 1685; x_wconf 89' lang='lat' dir='ltr'><strong>etiam</strong></span> <span class='ocrx_word' id='word_1_119' title='bbox 995 1631 1284 1703; x_wconf 78' lang='lat' dir='ltr'><strong>positivam</strong></span> <span class='ocrx_word' id='word_1_120' title='bbox 1331 1630 1442 1684; x_wconf 89' lang='lat' dir='ltr'><strong>vim</strong></span> <span class='ocrx_word' id='word_1_121' title='bbox 1496 1629 1675 1684; x_wconf 87' lang='lat' dir='ltr'><strong>habet.</strong></span> <span class='ocrx_word' id='word_1_122' title='bbox 1731 1629 1916 1692; x_wconf 76' lang='lat' dir='ltr'><strong>Quam</strong></span> <span class='ocrx_word' id='word_1_123' title='bbox 1964 1632 2141 1700; x_wconf 86' lang='lat' dir='ltr'><strong>poste-</strong></span> 
     </span>
     <span class='ocr_line' id='line_1_17' title="bbox 251 1721 2142 1796; baseline -0.002 -18"><span class='ocrx_word' id='word_1_124' title='bbox 251 1726 448 1778; x_wconf 88' lang='lat' dir='ltr'><strong>riorem</strong></span> <span class='ocrx_word' id='word_1_125' title='bbox 503 1724 778 1795; x_wconf 87' lang='lat' dir='ltr'><strong>propriam</strong></span> <span class='ocrx_word' id='word_1_126' title='bbox 827 1727 883 1777; x_wconf 88' lang='lat' dir='ltr'><strong>et</strong></span> <span class='ocrx_word' id='word_1_127' title='bbox 930 1723 1240 1796; x_wconf 87' lang='lat' dir='ltr'><strong>primariam</strong></span> <span class='ocrx_word' id='word_1_128' title='bbox 1286 1741 1450 1795; x_wconf 91' lang='lat' dir='ltr'><strong>quum</strong></span> <span class='ocrx_word' id='word_1_129' title='bbox 1506 1725 1556 1777; x_wconf 89' lang='lat' dir='ltr'><strong>ei</strong></span> <span class='ocrx_word' id='word_1_130' title='bbox 1603 1729 1866 1795; x_wconf 76' lang='lat' dir='ltr'><strong>perneget</strong></span> <span class='ocrx_word' id='word_1_131' title='bbox 1881 1765 1894 1790; x_wconf 93' lang='lat'><strong>,</strong></span> <span class='ocrx_word' id='word_1_132' title='bbox 1951 1721 2142 1778; x_wconf 89' lang='lat' dir='ltr'><strong>iisdem</strong></span> 
     </span>
     <span class='ocr_line' id='line_1_18' title="bbox 250 1817 1250 1889; baseline -0.002 -16"><span class='ocrx_word' id='word_1_133' title='bbox 250 1819 391 1874; x_wconf 90' lang='lat' dir='ltr'><strong>vitiis</strong></span> <span class='ocrx_word' id='word_1_134' title='bbox 417 1835 538 1871; x_wconf 90' lang='lat' dir='ltr'><strong>cum</strong></span> <span class='ocrx_word' id='word_1_135' title='bbox 577 1817 867 1889; x_wconf 86' lang='lat' dir='ltr'><strong>empiristis</strong></span> <span class='ocrx_word' id='word_1_136' title='bbox 905 1835 1023 1872; x_wconf 91' lang='lat' dir='ltr'><strong>sese</strong></span> <span class='ocrx_word' id='word_1_137' title='bbox 1059 1818 1250 1888; x_wconf 81' lang='lat' dir='ltr'><strong>illigat.</strong></span> 
     </span>
    </p>

    <p class='ocr_par' dir='ltr' id='par_1_4' title="bbox 248 1910 2143 2921">
     <span class='ocr_line' id='line_1_19' title="bbox 419 1910 2142 1966; baseline -0.001 -1"><span class='ocrx_word' id='word_1_138' title='bbox 419 1911 578 1965; x_wconf 81' lang='lat' dir='ltr'><strong>Certe</strong></span> <span class='ocrx_word' id='word_1_139' title='bbox 614 1912 847 1966; x_wconf 87' lang='lat' dir='ltr'><strong>Kantius</strong></span> <span class='ocrx_word' id='word_1_140' title='bbox 884 1911 1161 1966; x_wconf 88' lang='lat' dir='ltr'><strong>cuiusdam</strong></span> <span class='ocrx_word' id='word_1_141' title='bbox 1196 1910 1470 1965; x_wconf 83' lang='lat' dir='ltr'><strong>facultatis</strong></span> <span class='ocrx_word' id='word_1_142' title='bbox 1508 1910 1710 1965; x_wconf 83' lang='lat' dir='ltr'><strong>homini</strong></span> <span class='ocrx_word' id='word_1_143' title='bbox 1746 1912 1971 1964; x_wconf 83' lang='lat' dir='ltr'><strong>innatae</strong></span> <span class='ocrx_word' id='word_1_144' title='bbox 1989 1927 2142 1963; x_wconf 87' lang='lat' dir='ltr'><strong>men-</strong></span> 
     </span>
     <span class='ocr_line' id='line_1_20' title="bbox 251 2004 2143 2077; baseline 0 -20"><span class='ocrx_word' id='word_1_145' title='bbox 251 2005 449 2060; x_wconf 88' lang='lat' dir='ltr'><strong>tionem</strong></span> <span class='ocrx_word' id='word_1_146' title='bbox 485 2005 613 2059; x_wconf 86' lang='lat' dir='ltr'><strong>facit</strong></span> <span class='ocrx_word' id='word_1_147' title='bbox 649 2005 773 2059; x_wconf 87' lang='lat' dir='ltr'><strong>talis</strong></span> <span class='ocrx_word' id='word_1_148' title='bbox 792 2047 806 2072; x_wconf 88' lang='lat'><strong>,</strong></span> <span class='ocrx_word' id='word_1_149' title='bbox 843 2022 982 2077; x_wconf 88' lang='lat' dir='ltr'><strong>quae</strong></span> <span class='ocrx_word' id='word_1_150' title='bbox 1037 2005 1372 2075; x_wconf 81' lang='lat' dir='ltr'><strong>cognitiones</strong></span> <span class='ocrx_word' id='word_1_151' title='bbox 1427 2007 1652 2076; x_wconf 82' lang='lat' dir='ltr'><strong>appetat</strong></span> <span class='ocrx_word' id='word_1_152' title='bbox 1698 2006 1868 2058; x_wconf 91' lang='lat' dir='ltr'><strong>multo</strong></span> <span class='ocrx_word' id='word_1_153' title='bbox 1927 2004 2143 2076; x_wconf 87' lang='lat' dir='ltr'><strong>quidem</strong></span> 
     </span>
     <span class='ocr_line' id='line_1_21' title="bbox 250 2098 2138 2170; baseline 0.003 -19"><span class='ocrx_word' id='word_1_154' title='bbox 250 2098 602 2168; x_wconf 87' lang='lat' dir='ltr'><strong>sublimiores,</strong></span> <span class='ocrx_word' id='word_1_155' title='bbox 638 2117 799 2170; x_wconf 89' lang='lat' dir='ltr'><strong>quam</strong></span> <span class='ocrx_word' id='word_1_156' title='bbox 838 2098 1029 2169; x_wconf 90' lang='lat' dir='ltr'><strong>quibus</strong></span> <span class='ocrx_word' id='word_1_157' title='bbox 1061 2098 1233 2151; x_wconf 91' lang='lat' dir='ltr'><strong>ullum</strong></span> <span class='ocrx_word' id='word_1_158' title='bbox 1269 2098 1410 2152; x_wconf 86' lang='lat' dir='ltr'><strong>inter</strong></span> <span class='ocrx_word' id='word_1_159' title='bbox 1446 2116 1531 2153; x_wconf 90' lang='lat' dir='ltr'><strong>res</strong></span> <span class='ocrx_word' id='word_1_160' title='bbox 1567 2099 1847 2154; x_wconf 83' lang='lat' dir='ltr'><strong>sensibiles</strong></span> <span class='ocrx_word' id='word_1_161' title='bbox 1867 2098 2138 2156; x_wconf 86' lang='lat' dir='ltr'><strong>obiectum</strong></span> 
     </span>
     <span class='ocr_line' id='line_1_22' title="bbox 251 2191 2142 2264; baseline -0.001 -18"><span class='ocrx_word' id='word_1_162' title='bbox 251 2193 420 2263; x_wconf 87' lang='lat' dir='ltr'><strong>possit</strong></span> <span class='ocrx_word' id='word_1_163' title='bbox 474 2192 828 2264; x_wconf 81' lang='lat' dir='ltr'><strong>respondere,</strong></span> <span class='ocrx_word' id='word_1_164' title='bbox 887 2196 1072 2245; x_wconf 89' lang='lat' dir='ltr'><strong>tamen</strong></span> <span class='ocrx_word' id='word_1_165' title='bbox 1139 2191 1403 2246; x_wconf 89' lang='lat' dir='ltr'><strong>obiective</strong></span> <span class='ocrx_word' id='word_1_166' title='bbox 1461 2210 1617 2247; x_wconf 88' lang='lat' dir='ltr'><strong>veras</strong></span> <span class='ocrx_word' id='word_1_167' title='bbox 1638 2193 1694 2261; x_wconf 91' lang='lat'><strong>¹).</strong></span> <span class='ocrx_word' id='word_1_168' title='bbox 1780 2192 2142 2246; x_wconf 87' lang='lat' dir='ltr'><strong>Nihilominus</strong></span> 
     </span>
     <span class='ocr_line' id='line_1_23' title="bbox 248 2285 2143 2356; baseline 0 -17"><span class='ocrx_word' id='word_1_169' title='bbox 248 2289 472 2351; x_wconf 78' lang='lat' dir='ltr'><strong>constat,</strong></span> <span class='ocrx_word' id='word_1_170' title='bbox 510 2302 634 2340; x_wconf 90' lang='lat' dir='ltr'><strong>eum</strong></span> <span class='ocrx_word' id='word_1_171' title='bbox 670 2285 808 2340; x_wconf 88' lang='lat' dir='ltr'><strong>hanc</strong></span> <span class='ocrx_word' id='word_1_172' title='bbox 841 2285 1064 2339; x_wconf 84' lang='lat' dir='ltr'><strong>rationis</strong></span> <span class='ocrx_word' id='word_1_173' title='bbox 1101 2302 1232 2356; x_wconf 89' lang='lat' dir='ltr'><strong>prae</strong></span> <span class='ocrx_word' id='word_1_174' title='bbox 1269 2290 1451 2339; x_wconf 91' lang='lat' dir='ltr'><strong>mente</strong></span> <span class='ocrx_word' id='word_1_175' title='bbox 1485 2285 1857 2341; x_wconf 87' lang='lat' dir='ltr'><strong>excellentiam</strong></span> <span class='ocrx_word' id='word_1_176' title='bbox 1912 2304 2021 2340; x_wconf 90' lang='lat' dir='ltr'><strong>non</strong></span> <span class='ocrx_word' id='word_1_177' title='bbox 2064 2287 2143 2339; x_wconf 91' lang='lat' dir='ltr'><strong>ita</strong></span> 
     </span>
     <span class='ocr_line' id='line_1_24' title="bbox 248 2378 2143 2450; baseline 0.001 -18"><span class='ocrx_word' id='word_1_178' title='bbox 248 2380 411 2450; x_wconf 88' lang='lat' dir='ltr'><strong>plane</strong></span> <span class='ocrx_word' id='word_1_179' title='bbox 447 2379 795 2445; x_wconf 76' lang='lat' dir='ltr'><strong>intellexisse,</strong></span> <span class='ocrx_word' id='word_1_180' title='bbox 837 2378 934 2433; x_wconf 89' lang='lat' dir='ltr'><strong>sed</strong></span> <span class='ocrx_word' id='word_1_181' title='bbox 969 2395 1093 2432; x_wconf 89' lang='lat' dir='ltr'><strong>eum</strong></span> <span class='ocrx_word' id='word_1_182' title='bbox 1131 2378 1524 2450; x_wconf 87' lang='lat' dir='ltr'><strong>speculativam</strong></span> <span class='ocrx_word' id='word_1_183' title='bbox 1579 2379 1744 2432; x_wconf 87' lang='lat' dir='ltr'><strong>animi</strong></span> <span class='ocrx_word' id='word_1_184' title='bbox 1792 2380 1900 2435; x_wconf 88' lang='lat' dir='ltr'><strong>vim</strong></span> <span class='ocrx_word' id='word_1_185' title='bbox 1944 2380 2143 2434; x_wconf 86' lang='lat' dir='ltr'><strong>instru-</strong></span> 
     </span>
     <span class='ocr_line' id='line_1_25' title="bbox 256 2472 2142 2544; baseline -0.001 -17"><span class='ocrx_word' id='word_1_186' title='bbox 256 2477 443 2527; x_wconf 88' lang='lat' dir='ltr'><strong>mento</strong></span> <span class='ocrx_word' id='word_1_187' title='bbox 481 2473 862 2544; x_wconf 86' lang='lat' dir='ltr'><strong>recognitionis</strong></span> <span class='ocrx_word' id='word_1_188' title='bbox 900 2472 1013 2526; x_wconf 87' lang='lat' dir='ltr'><strong>sive</strong></span> <span class='ocrx_word' id='word_1_189' title='bbox 1068 2473 1313 2527; x_wconf 87' lang='lat' dir='ltr'><strong>facultati</strong></span> <span class='ocrx_word' id='word_1_190' title='bbox 1367 2473 1672 2527; x_wconf 85' lang='lat' dir='ltr'><strong>reflexionis</strong></span> <span class='ocrx_word' id='word_1_191' title='bbox 1719 2490 1905 2544; x_wconf 86' lang='lat' dir='ltr'><strong>parem</strong></span> <span class='ocrx_word' id='word_1_192' title='bbox 1961 2474 2142 2527; x_wconf 80' lang='lat' dir='ltr'><strong>existi-</strong></span> 
     </span>
     <span class='ocr_line' id='line_1_26' title="bbox 248 2566 2140 2638; baseline 0 -18"><span class='ocrx_word' id='word_1_193' title='bbox 248 2584 426 2622; x_wconf 88' lang='lat' dir='ltr'><strong>masse</strong></span> <span class='ocrx_word' id='word_1_194' title='bbox 442 2567 502 2636; x_wconf 78' lang='grc'><strong>2).</strong></span> <span class='ocrx_word' id='word_1_195' title='bbox 578 2567 771 2638; x_wconf 87' lang='lat' dir='ltr'><strong>Itaque</strong></span> <span class='ocrx_word' id='word_1_196' title='bbox 796 2566 1020 2620; x_wconf 90' lang='lat' dir='ltr'><strong>rationis</strong></span> <span class='ocrx_word' id='word_1_197' title='bbox 1056 2566 1314 2622; x_wconf 87' lang='lat' dir='ltr'><strong>facultate</strong></span> <span class='ocrx_word' id='word_1_198' title='bbox 1353 2568 1700 2623; x_wconf 90' lang='lat' dir='ltr'><strong>constitutiva</strong></span> <span class='ocrx_word' id='word_1_199' title='bbox 1723 2568 1934 2623; x_wconf 85' lang='lat' dir='ltr'><strong>abiecta</strong></span> <span class='ocrx_word' id='word_1_200' title='bbox 1951 2585 2140 2622; x_wconf 84' lang='lat' dir='ltr'><strong>revera</strong></span> 
     </span>
     <span class='ocr_line' id='line_1_27' title="bbox 250 2659 2141 2728; baseline 0.002 -16"><span class='ocrx_word' id='word_1_201' title='bbox 250 2659 423 2728; x_wconf 85' lang='lat' dir='ltr'><strong>docet,</strong></span> <span class='ocrx_word' id='word_1_202' title='bbox 484 2677 554 2714; x_wconf 82' lang='lat' dir='ltr'><strong>ex</strong></span> <span class='ocrx_word' id='word_1_203' title='bbox 610 2660 802 2714; x_wconf 89' lang='lat' dir='ltr'><strong>duobis</strong></span> <span class='ocrx_word' id='word_1_204' title='bbox 851 2660 1090 2715; x_wconf 89' lang='lat' dir='ltr'><strong>fontibus</strong></span> <span class='ocrx_word' id='word_1_205' title='bbox 1147 2694 1211 2700; x_wconf 90' lang='lat'><strong>—-</strong></span> <span class='ocrx_word' id='word_1_206' title='bbox 1259 2663 1565 2717; x_wconf 88' lang='lat' dir='ltr'><strong>sensatione</strong></span> <span class='ocrx_word' id='word_1_207' title='bbox 1617 2667 1672 2716; x_wconf 89' lang='lat' dir='ltr'><strong>et</strong></span> <span class='ocrx_word' id='word_1_208' title='bbox 1727 2662 2018 2717; x_wconf 85' lang='lat' dir='ltr'><strong>reflexione</strong></span> <span class='ocrx_word' id='word_1_209' title='bbox 2073 2692 2141 2701; x_wconf 92' lang='lat'>-</span> 
     </span>
     <span class='ocr_line' id='line_1_28' title="bbox 251 2753 2140 2825; baseline 0.001 -18"><span class='ocrx_word' id='word_1_210' title='bbox 251 2770 436 2807; x_wconf 88' lang='lat' dir='ltr'><strong>omnes</strong></span> <span class='ocrx_word' id='word_1_211' title='bbox 472 2753 803 2823; x_wconf 86' lang='lat' dir='ltr'><strong>cognitiones</strong></span> <span class='ocrx_word' id='word_1_212' title='bbox 843 2754 1103 2825; x_wconf 87' lang='lat' dir='ltr'><strong>originem</strong></span> <span class='ocrx_word' id='word_1_213' title='bbox 1155 2755 1378 2825; x_wconf 85' lang='lat' dir='ltr'><strong>ducere,</strong></span> <span class='ocrx_word' id='word_1_214' title='bbox 1434 2756 1513 2809; x_wconf 89' lang='lat' dir='ltr'><strong>ita</strong></span> <span class='ocrx_word' id='word_1_215' title='bbox 1570 2761 1782 2825; x_wconf 88' lang='lat' dir='ltr'><strong>tamen,</strong></span> <span class='ocrx_word' id='word_1_216' title='bbox 1837 2761 1898 2810; x_wconf 87' lang='lat' dir='ltr'><strong>ut</strong></span> <span class='ocrx_word' id='word_1_217' title='bbox 1947 2756 2140 2810; x_wconf 90' lang='lat' dir='ltr'><strong>mentis</strong></span> 
     </span>
     <span class='ocr_line' id='line_1_29' title="bbox 249 2847 2138 2921; baseline 0.002 -22"><span class='ocrx_word' id='word_1_218' title='bbox 249 2847 471 2900; x_wconf 84' lang='lat' dir='ltr'><strong>reflexio</strong></span> <span class='ocrx_word' id='word_1_219' title='bbox 505 2847 560 2900; x_wconf 91' lang='lat' dir='ltr'><strong>in</strong></span> <span class='ocrx_word' id='word_1_220' title='bbox 600 2848 726 2902; x_wconf 90' lang='lat' dir='ltr'><strong>solis</strong></span> <span class='ocrx_word' id='word_1_221' title='bbox 762 2847 923 2902; x_wconf 89' lang='lat' dir='ltr'><strong>rebus</strong></span> <span class='ocrx_word' id='word_1_222' title='bbox 958 2867 1120 2903; x_wconf 89' lang='lat' dir='ltr'><strong>sensu</strong></span> <span class='ocrx_word' id='word_1_223' title='bbox 1161 2854 1383 2904; x_wconf 76' lang='lat' dir='ltr'><strong>externo</strong></span> <span class='ocrx_word' id='word_1_224' title='bbox 1416 2851 1684 2921; x_wconf 89' lang='lat' dir='ltr'><strong>perceptis</strong></span> <span class='ocrx_word' id='word_1_225' title='bbox 1722 2852 1980 2914; x_wconf 83' lang='lat' dir='ltr'><strong>versetur,</strong></span> <span class='ocrx_word' id='word_1_226' title='bbox 2038 2849 2138 2902; x_wconf 79' lang='lat' dir='ltr'><strong>ita-</strong></span> 
     </span>
    </p>
   </div>
   <div class='ocr_carea' id='block_1_3' title="bbox 250 2940 2139 3088">
    <p class='ocr_par' dir='ltr' id='par_1_5' title="bbox 250 2940 2139 3088">
     <span class='ocr_line' id='line_1_30' title="bbox 252 2940 2139 3015; baseline 0.002 -22"><span class='ocrx_word' id='word_1_227' title='bbox 252 2957 358 3011; x_wconf 90' lang='lat' dir='ltr'><strong>que</strong></span> <span class='ocrx_word' id='word_1_228' title='bbox 396 2940 554 2994; x_wconf 90' lang='lat' dir='ltr'><strong>ambo</strong></span> <span class='ocrx_word' id='word_1_229' title='bbox 593 2942 767 2996; x_wconf 84' lang='lat' dir='ltr'><strong>fontes</strong></span> <span class='ocrx_word' id='word_1_230' title='bbox 797 2942 852 2995; x_wconf 92' lang='lat' dir='ltr'><strong>in</strong></span> <span class='ocrx_word' id='word_1_231' title='bbox 888 2960 1054 2997; x_wconf 89' lang='lat' dir='ltr'><strong>unum</strong></span> <span class='ocrx_word' id='word_1_232' title='bbox 1092 2948 1304 2998; x_wconf 88' lang='lat' dir='ltr'><strong>tantum</strong></span> <span class='ocrx_word' id='word_1_233' title='bbox 1361 2944 1606 2999; x_wconf 88' lang='lat' dir='ltr'><strong>veritatis</strong></span> <span class='ocrx_word' id='word_1_234' title='bbox 1643 2943 1962 3015; x_wconf 88' lang='lat' dir='ltr'><strong>principium</strong></span> <span class='ocrx_word' id='word_1_235' title='bbox 2017 2960 2139 2997; x_wconf 87' lang='lat' dir='ltr'><strong>coa—</strong></span> 
     </span>
     <span class='ocr_line' id='line_1_31' title="bbox 250 3033 467 3088; baseline 0.014 -3"><span class='ocrx_word' id='word_1_236' title='bbox 250 3033 467 3088; x_wconf 87' lang='lat' dir='ltr'><strong>lescant.</strong></span> 
     </span>
    </p>
   </div>
   <div class='ocr_carea' id='block_1_4' title="bbox 251 3207 590 3216">
    <p class='ocr_par' dir='ltr' id='par_1_6' title="bbox 251 3207 590 3216">
     <span class='ocr_line' id='line_1_32' title="bbox 251 3207 590 3216; baseline 0 612"><span class='ocrx_word' id='word_1_237' title='bbox 251 3207 590 3216; x_wconf 95' lang='lat' dir='ltr'><strong> </strong></span> 
     </span>
    </p>
   </div>
   <div class='ocr_carea' id='block_1_5' title="bbox 424 3341 2069 3492">
    <p class='ocr_par' dir='ltr' id='par_1_7' title="bbox 424 3341 2069 3492">
     <span class='ocr_line' id='line_1_33' title="bbox 424 3341 1512 3416; baseline 0.009 -31"><span class='ocrx_word' id='word_1_238' title='bbox 424 3341 474 3395; x_wconf 86' lang='lat'><strong>1)</strong></span> <span class='ocrx_word' id='word_1_239' title='bbox 503 3341 562 3387; x_wconf 78' lang='lat' dir='ltr'><strong>cf.</strong></span> <span class='ocrx_word' id='word_1_240' title='bbox 592 3342 745 3387; x_wconf 85' lang='lat' dir='ltr'><strong>Iacob.</strong></span> <span class='ocrx_word' id='word_1_241' title='bbox 776 3358 899 3400; x_wconf 62' lang='lat' dir='ltr'><strong>oper,</strong></span> <span class='ocrx_word' id='word_1_242' title='bbox 933 3346 1151 3404; x_wconf 83' lang='lat' dir='ltr'><strong>Vorrede,</strong></span> <span class='ocrx_word' id='word_1_243' title='bbox 1185 3350 1512 3416; x_wconf 45' lang='lat' dir='ltr'><strong>pag422—23.</strong></span> 
     </span>
     <span class='ocr_line' id='line_1_34' title="bbox 428 3419 2069 3492; baseline 0.009 -28"><span class='ocrx_word' id='word_1_244' title='bbox 428 3419 478 3479; x_wconf 79' lang='lat'><strong>2)</strong></span> <span class='ocrx_word' id='word_1_245' title='bbox 511 3421 598 3468; x_wconf 85' lang='lat' dir='ltr'><strong>vid.</strong></span> <span class='ocrx_word' id='word_1_246' title='bbox 630 3421 789 3467; x_wconf 82' lang='lat' dir='ltr'><strong>Friesii</strong></span> <span class='ocrx_word' id='word_1_247' title='bbox 820 3424 875 3467; x_wconf 88' lang='lat' dir='ltr'><strong>de</strong></span> <span class='ocrx_word' id='word_1_248' title='bbox 902 3425 989 3469; x_wconf 88' lang='lat' dir='ltr'><strong>hac</strong></span> <span class='ocrx_word' id='word_1_249' title='bbox 1017 3440 1065 3470; x_wconf 86' lang='lat' dir='ltr'><strong>re</strong></span> <span class='ocrx_word' id='word_1_250' title='bbox 1095 3429 1363 3491; x_wconf 75' lang='lat' dir='ltr'><strong>sententiam</strong></span> <span class='ocrx_word' id='word_1_251' title='bbox 1396 3428 1518 3487; x_wconf 78' lang='lat' dir='ltr'><strong>apud</strong></span> <span class='ocrx_word' id='word_1_252' title='bbox 1547 3429 1700 3473; x_wconf 86' lang='lat' dir='ltr'><strong>Iacob.</strong></span> <span class='ocrx_word' id='word_1_253' title='bbox 1730 3430 1762 3477; x_wconf 87' lang='lat'><strong>1.</strong></span> <span class='ocrx_word' id='word_1_254' title='bbox 1794 3445 1828 3477; x_wconf 75' lang='lat' dir='ltr'><strong>c..</strong></span> <span class='ocrx_word' id='word_1_255' title='bbox 1861 3445 1966 3492; x_wconf 68' lang='lat' dir='ltr'><strong>pag,</strong></span> <span class='ocrx_word' id='word_1_256' title='bbox 1995 3432 2069 3479; x_wconf 78' lang='lat'><strong>24.</strong></span> 
     </span>
    </p>
   </div>
  </div>
 </body>
</html>
