2248 3828
1077 184 1108 234 9

143 329 454 386 firmissima·
507 325 832 381 adminicula
890 323 1182 379 demebant
1207 326 1264 392 l).
1351 325 1439 378 Ita
1494 341 1655 396 quum
1715 325 1845 395 ipsis
1899 325 2027 380 viris

145 421 427 478 doctrinae
481 418 803 476 christianae
865 416 1064 471 deditis
1080 457 1094 485 ‚
1156 417 1326 471 veluti
1377 417 1704 485 Condillaco,
1760 398 2027 471 Bonnetio

143 514 372 586 aliisque
410 511 705 584 empirismi
741 510 870 564 illae
922 510 1328 564 consecutiones
1365 510 1727 581 probarentur
1747 511 1770 545 2
1771 523 1809 577 )‚
1849 527 2029 581 super-

145 604 248 670 fuit
265 606 512 672 tantum,
549 605 612 656 ut
628 600 1148 673 Encyclopaedistae
1187 601 1279 670 qui
1309 601 1653 655 nominantur
1677 602 1798 656 illos
1822 619 2026 657 errores

141 698 531 771 pervulgarent
561 700 618 751 et
642 694 913 750 communi
950 694 1189 768 omnium
1216 693 1398 747 sensui
1432 694 1917 756 accomodarent3).
1963 695 2030 748 Id

143 791 297 864 quod
348 790 660 858 Didotrotio,
723 787 1124 855 D'AlembertO,
1176 786 1295 839 aliis
1359 786 1495 839 bene
1556 787 1741 856 cessit3
1807 805 2029 858 quorum

144 901 360 940 summa.v
403 883 647 939 doctrina
684 881 876 936 eodem
914 897 1035 934 cum
1082 880 1287 934 Lockio
1326 880 1655 950 conspicitur
1692 880 1852 934 inniti
1884 881 2031 951 prin-

142 979 284 1051 cipio
299 979 362 1039 4).

315 1071 525 1126 Omnes
565 1069 799 1141 denique
833 1084 1039 1124 errores
1070 1067 1380 1139 empirismo
1411 1067 1754 1121 inhaerentes
1783 1067 2032 1121 collectos

144 1155 445 1237 reperis-'in
473 1163 575 1217 illo
609 1162 920 1234 turpissimo
958 1161 1096 1215 libro
1147 1162 1238 1232 qui
1274 1160 1563 1231 inscriptus
1602 1164 1720 1214 est:
1766 1157 2033 1231 „systeme

145 1256 217 1312 de
236 1258 307 1312 'la
340 1259 584 1325 naturef‘
635 1257 787 1311 cuius
826 1260 1017 1309 auctor
1052 1254 1110 1308 in
1145 1253 1754 1325 Encyclopaedistarum
1791 1252 2035 1306 doctrina

142 1351 418 1408 imintonv
443 1350 716 1405 licentiam
755 1348 902 1402 omni
937 1348 1060 1418 lege
1106 1348 1341 1402 solutam
1387 1345 1719 1417 sequendam
1757 1362 1875 1399 esse
1907 1363 2034 1399 cen-

144 1444 270 1515 suit,
324 1443 600 1516 quaelibet
645 1459 835 1498 sensus
888 1440 1332 1512 concupiscerent
1389 1439 1827 1511 praeciperent-ve
1875 1455 2032 1510 pera·

141 1538 363 1610 genaehy»
378 1540 624 1593 ‘ceterum
673 1535 1182 1609 perniciosissimam
1231 1534 1372 1587 hanc
1400 1566 1402 1570 -
1431 1533 1754 1604 propagavit
1817 1535 2033 1586 senten-

144 1632 343 1687 tiam&¹
379 1659 381 1661 ·
413 1667 416 1670 »

152 1746 173 1754 ·’
202 1752 221 1762 „
286 1725 550 1798 „Praeter
582 1724 866 1779 materiam
903 1726 960 1778 et
995 1725 1201 1778 motum
1238 1723 1374 1777 nihil
1421 1722 1656 1776 existere
1706 1735 1877 1790 eaque
1916 1719 2033 1772 sola

140 1820 418 1889 sufficere,
462 1818 656 1890 quibus
697 1820 843 1871 totus
878 1834 1058 1871 rerum
1095 1815 1258 1884 ordo,
1320 1816 1486 1869 etiam
1523 1819 1674 1868 actus
1706 1811 1905 1867 interni
1937 1829 2034 1884 pe-

140 1908 308 1970 ιίἰίῑιιεἲ
324 1913 593 1985 cognosci
654 1915 908 1982 possent3
967 1909 1275 1964 libertatem
1332 1913 1388 1962 et
1436 1908 1890 1962 immortalitatem
1940 1905 2032 1967 de-

139 2008 361 2065 mentia·
380 2006 617 2081 quadam
655 2021 775 2060 esse
810 2004 1022 2072 fietam3
1063 2002 1151 2056 dei
1177 2002 1411 2073 denique
1441 2001 1619 2054 ideam
1654 1999 2033 2072 superstitione

136 2102 192 2158 in
229 2102 437 2157 animos
472 2099 786 2171 irrepsisse“
808 2099 871 2166 5).

196 2227 202 2243 ·
307 2195 433 2249 Hoc
458 2192 620 2248 modo
647 2189 1031 2246 sensualismus
1055 2193 1126 2258 et,
1151 2205 1290 2260 quae
1317 2206 1438 2242 cum
1465 2205 1527 2242 eo
1547 2191 1694 2242 arcte
1719 2186 2034 2240 coniunctae

137 2295 299 2360 οπως
321 2286 603 2360 turpitudo
652 2285 813 2342 vitae¹
847 2287 904 2338 et
952 2299 1161 2337 morum
1198 2282 1524 2354 perversitas
1577 2282 1740 2335 etiam
1800 2280 2035 2334 infimam

136 2384 354 2458 plebem
405 2382 657 2438 adierunt
693 2398 757 2434 ac
814 2379 1076 2433 maiorem
1112 2378 1223 2431 vim
1279 2377 1640 2445 obtinuerunt,
1691 2393 1853 2447 quam
1901 2391 2034 2446 quas

138 2478 392 2534 Russavii
432 2477 502 2532 de
538 2475 641 2530 deo
679 2478 735 2529 et
766 2474 1016 2529 libertate
1072 2474 1127 2524 et
1164 2471 1569 2526 immortalitate
1609 2469 1854 2524 doctrina
1893 2482 2035 2522 com-

137 2573 370 2644 primere
406 2573 591 2641 posset
610 2571 671 2638 6).

1033 2700 1141 2740 lv.

283 2794 644 2866 Empirismus
692 2793 748 2846 in
798 2791 1035 2863 Angliae
1092 2790 1439 2861 philosophos
1487 2789 1595 2841 vim
1647 2792 1757 2840 tam
1806 2785 2034 2858 positive

315 3002 360 3056 1)
393 3000 450 3044 ef.
483 2999 701 3043 Tennem.
732 2999 747 3041 l
792 3012 828 3041 c.
864 3011 968 3055 pag.
1001 2996 1102 3052 284,
1135 3010 1238 3053 pag.
1273 2996 1353 3049 70,
1399 3007 1503 3051 pag.
1551 2993 1650 3038 312.
1692 3019 1731 3023 -—
1769 2991 1870 3035 dein
1898 2990 2033 3034 Rixn.

139 3083 169 3125 l.
202 3096 243 3129 o.
274 3081 301 3139 S
333 3080 405 3126 94.

312 3161 360 3217 2)
390 3160 480 3204 vid.
512 3160 729 3203 Tennem.
762 3160 790 3201 1.
823 3171 862 3202 c.
892 3171 996 3214 pag.
1028 3156 1126 3202 289.

315 3241 361 3301 3)
390 3240 561 3284 ibidem
590 3240 621 3282 l.
654 3253 691 3282 o.
723 3251 830 3295 pag.
862 3237 965 3283 315.

310 3320 357 3375 4)
386 3319 498 3364 ibid.
523 3320 554 3364 1.
588 3333 612 3362 c
656 3333 765 3376 pag.
796 3318 867 3364 73.

263 3419 268 3435 ·
314 3402 360 3456 5)
391 3399 500 3442 ibid.
530 3400 559 3442 l.
592 3413 632 3443 o.
662 3413 770 3456 pag.
806 3398 1027 3444 320—21.

312 3481 361 3535 6)
394 3479 530 3522 Rixn.
560 3480 593 3524 l.
627 3493 663 3522 c.
695 3493 798 3536 pag.
837 3478 937 3523 203.
