<?xml version="1.0" encoding="UTF-8"?>
<!DOCTYPE html PUBLIC "-//W3C//DTD XHTML 1.0 Transitional//EN"
    "http://www.w3.org/TR/xhtml1/DTD/xhtml1-transitional.dtd">
<html xmlns="http://www.w3.org/1999/xhtml" xml:lang="en" lang="en">
 <head>
  <title>
</title>
<meta http-equiv="Content-Type" content="text/html;charset=utf-8" />
  <meta name='ocr-system' content='tesseract 3.04.00' />
  <meta name='ocr-capabilities' content='ocr_page ocr_carea ocr_par ocr_line ocrx_word'/>
</head>
<body>
  <div class='ocr_page' id='page_1' title='image "./philosophiaekant00bach_0048.png"; bbox 0 0 2248 3828; ppageno 0'>
   <div class='ocr_carea' id='block_1_1' title="bbox 1156 202 1224 254">
    <p class='ocr_par' dir='ltr' id='par_1_1' title="bbox 1156 202 1224 254">
     <span class='ocr_line' id='line_1_1' title="bbox 1156 202 1224 254; baseline 0.015 -1"><span class='ocrx_word' id='word_1_1' title='bbox 1156 202 1224 254; x_wconf 80' lang='lat'>42</span> 
     </span>
    </p>
   </div>
   <div class='ocr_carea' id='block_1_2' title="bbox 234 342 2119 684">
    <p class='ocr_par' dir='ltr' id='par_1_2' title="bbox 234 342 2119 684">
     <span class='ocr_line' id='line_1_2' title="bbox 240 342 2119 405; baseline -0.004 0"><span class='ocrx_word' id='word_1_2' title='bbox 240 350 384 405; x_wconf 86' lang='lat' dir='ltr'>vitae</span> <span class='ocrx_word' id='word_1_3' title='bbox 421 348 685 403; x_wconf 88' lang='lat' dir='ltr'>rationem</span> <span class='ocrx_word' id='word_1_4' title='bbox 724 343 1110 398; x_wconf 74' lang='lat' dir='ltr'>instituendam</span> <span class='ocrx_word' id='word_1_5' title='bbox 1145 343 1260 398; x_wconf 90' lang='lat' dir='ltr'>sine</span> <span class='ocrx_word' id='word_1_6' title='bbox 1293 343 1404 399; x_wconf 92' lang='lat' dir='ltr'>ulla</span> <span class='ocrx_word' id='word_1_7' title='bbox 1440 342 1775 397; x_wconf 80' lang='lat' dir='ltr'>dubitatione</span> <span class='ocrx_word' id='word_1_8' title='bbox 1796 342 2119 398; x_wconf 83' lang='lat' dir='ltr'>admitteret.</span> 
     </span>
     <span class='ocr_line' id='line_1_3' title="bbox 240 437 2119 515; baseline -0.003 -18"><span class='ocrx_word' id='word_1_9' title='bbox 240 444 434 515; x_wconf 85' lang='lat' dir='ltr'>Itaque</span> <span class='ocrx_word' id='word_1_10' title='bbox 492 459 596 514; x_wconf 91' lang='lat' dir='ltr'>quo</span> <span class='ocrx_word' id='word_1_11' title='bbox 654 440 771 494; x_wconf 88' lang='lat' dir='ltr'>iure</span> <span class='ocrx_word' id='word_1_12' title='bbox 808 438 1040 493; x_wconf 87' lang='lat' dir='ltr'>Kantius</span> <span class='ocrx_word' id='word_1_13' title='bbox 1076 438 1263 492; x_wconf 91' lang='lat' dir='ltr'>Humii</span> <span class='ocrx_word' id='word_1_14' title='bbox 1301 437 1666 507; x_wconf 87' lang='lat' dir='ltr'>adversarios,</span> <span class='ocrx_word' id='word_1_15' title='bbox 1716 438 1806 510; x_wconf 91' lang='lat' dir='ltr'>qui</span> <span class='ocrx_word' id='word_1_16' title='bbox 1842 437 1897 491; x_wconf 91' lang='lat' dir='ltr'>in</span> <span class='ocrx_word' id='word_1_17' title='bbox 1920 444 2000 492; x_wconf 77' lang='lat' dir='ltr'>veo</span> <span class='ocrx_word' id='word_1_18' title='bbox 2037 444 2119 492; x_wconf 83' lang='lat' dir='ltr'>re-</span> 
     </span>
     <span class='ocr_line' id='line_1_4' title="bbox 234 532 2118 605; baseline -0.002 -16"><span class='ocrx_word' id='word_1_19' title='bbox 234 534 461 590; x_wconf 87' lang='lat' dir='ltr'>futando</span> <span class='ocrx_word' id='word_1_20' title='bbox 502 534 572 588; x_wconf 91' lang='lat' dir='ltr'>ad</span> <span class='ocrx_word' id='word_1_21' title='bbox 609 551 824 588; x_wconf 88' lang='lat' dir='ltr'>sensum</span> <span class='ocrx_word' id='word_1_22' title='bbox 863 550 1196 587; x_wconf 88' lang='lat' dir='ltr'>communem</span> <span class='ocrx_word' id='word_1_23' title='bbox 1231 537 1615 605; x_wconf 88' lang='lat' dir='ltr'>provocarent,</span> <span class='ocrx_word' id='word_1_24' title='bbox 1665 532 1973 604; x_wconf 85' lang='lat' dir='ltr'>vituperare</span> <span class='ocrx_word' id='word_1_25' title='bbox 2023 549 2118 603; x_wconf 91' lang='lat' dir='ltr'>po-</span> 
     </span>
     <span class='ocr_line' id='line_1_5' title="bbox 236 626 1014 684; baseline -0.006 -1"><span class='ocrx_word' id='word_1_26' title='bbox 236 630 373 683; x_wconf 81' lang='lat' dir='ltr'>tuit?</span> <span class='ocrx_word' id='word_1_27' title='bbox 448 627 699 684; x_wconf 84' lang='lat' dir='ltr'>Profecto</span> <span class='ocrx_word' id='word_1_28' title='bbox 733 626 912 681; x_wconf 77' lang='lat' dir='ltr'>nullo!</span> <span class='ocrx_word' id='word_1_29' title='bbox 957 659 1014 666; x_wconf 85' lang='lat'>-</span> 
     </span>
    </p>
   </div>
   <div class='ocr_carea' id='block_1_3' title="bbox 1038 830 1306 872">
    <p class='ocr_par' dir='ltr' id='par_1_3' title="bbox 1038 830 1306 872">
     <span class='ocr_line' id='line_1_6' title="bbox 1038 830 1306 872; baseline 0.004 -1"><span class='ocrx_word' id='word_1_30' title='bbox 1038 830 1306 872; x_wconf 79' lang='lat' dir='ltr'>xvnn.</span> 
     </span>
    </p>
   </div>
   <div class='ocr_carea' id='block_1_4' title="bbox 228 949 2122 2804">
    <p class='ocr_par' dir='ltr' id='par_1_4' title="bbox 230 949 2122 1491">
     <span class='ocr_line' id='line_1_7' title="bbox 406 949 2122 1019; baseline -0.001 -12"><span class='ocrx_word' id='word_1_31' title='bbox 406 952 660 1017; x_wconf 83' lang='lat' dir='ltr'>Kantins,</span> <span class='ocrx_word' id='word_1_32' title='bbox 696 955 757 1004; x_wconf 91' lang='lat' dir='ltr'>ut</span> <span class='ocrx_word' id='word_1_33' title='bbox 797 951 956 1005; x_wconf 92' lang='lat' dir='ltr'>modo</span> <span class='ocrx_word' id='word_1_34' title='bbox 994 950 1408 1014; x_wconf 88' lang='lat' dir='ltr'>illustravimus,</span> <span class='ocrx_word' id='word_1_35' title='bbox 1448 950 1669 1019; x_wconf 80' lang='lat' dir='ltr'>statuit,</span> <span class='ocrx_word' id='word_1_36' title='bbox 1723 949 1997 1006; x_wconf 88' lang='lat' dir='ltr'>hominem</span> <span class='ocrx_word' id='word_1_37' title='bbox 2054 951 2122 1005; x_wconf 90' lang='lat' dir='ltr'>de</span> 
     </span>
     <span class='ocr_line' id='line_1_8' title="bbox 232 1043 2118 1117; baseline -0.003 -15"><span class='ocrx_word' id='word_1_38' title='bbox 232 1047 408 1102; x_wconf 89' lang='lat' dir='ltr'>ethica</span> <span class='ocrx_word' id='word_1_39' title='bbox 446 1046 717 1101; x_wconf 88' lang='lat' dir='ltr'>actionum</span> <span class='ocrx_word' id='word_1_40' title='bbox 758 1045 1019 1117; x_wconf 85' lang='lat' dir='ltr'>qualitate</span> <span class='ocrx_word' id='word_1_41' title='bbox 1054 1044 1416 1099; x_wconf 89' lang='lat' dir='ltr'>iudicaturum</span> <span class='ocrx_word' id='word_1_42' title='bbox 1454 1045 1763 1115; x_wconf 86' lang='lat' dir='ltr'>exemplum</span> <span class='ocrx_word' id='word_1_43' title='bbox 1794 1043 2118 1113; x_wconf 79' lang='lat' dir='ltr'>legislatoris</span> 
     </span>
     <span class='ocr_line' id='line_1_9' title="bbox 231 1136 2118 1213; baseline -0.003 -17"><span class='ocrx_word' id='word_1_44' title='bbox 231 1141 386 1213; x_wconf 91' lang='lat' dir='ltr'>sequi</span> <span class='ocrx_word' id='word_1_45' title='bbox 424 1139 637 1208; x_wconf 90' lang='lat' dir='ltr'>debere,</span> <span class='ocrx_word' id='word_1_46' title='bbox 675 1158 740 1194; x_wconf 90' lang='lat' dir='ltr'>ac</span> <span class='ocrx_word' id='word_1_47' title='bbox 776 1138 1068 1208; x_wconf 85' lang='lat' dir='ltr'>contendit,</span> <span class='ocrx_word' id='word_1_48' title='bbox 1104 1139 1216 1192; x_wconf 92' lang='lat' dir='ltr'>eius</span> <span class='ocrx_word' id='word_1_49' title='bbox 1256 1138 1495 1192; x_wconf 83' lang='lat' dir='ltr'>actiones</span> <span class='ocrx_word' id='word_1_50' title='bbox 1545 1137 1872 1208; x_wconf 82' lang='lat' dir='ltr'>integritatis</span> <span class='ocrx_word' id='word_1_51' title='bbox 1921 1141 1975 1192; x_wconf 90' lang='lat' dir='ltr'>et</span> <span class='ocrx_word' id='word_1_52' title='bbox 2022 1136 2118 1190; x_wconf 88' lang='lat' dir='ltr'>ho-</span> 
     </span>
     <span class='ocr_line' id='line_1_10' title="bbox 233 1229 2120 1304; baseline -0.004 -14"><span class='ocrx_word' id='word_1_53' title='bbox 233 1234 460 1290; x_wconf 91' lang='lat' dir='ltr'>nestatis</span> <span class='ocrx_word' id='word_1_54' title='bbox 500 1233 734 1304; x_wconf 90' lang='lat' dir='ltr'>speciem</span> <span class='ocrx_word' id='word_1_55' title='bbox 771 1235 885 1287; x_wconf 91' lang='lat' dir='ltr'>tum</span> <span class='ocrx_word' id='word_1_56' title='bbox 922 1250 1053 1304; x_wconf 89' lang='lat' dir='ltr'>prae</span> <span class='ocrx_word' id='word_1_57' title='bbox 1093 1249 1152 1286; x_wconf 90' lang='lat' dir='ltr'>se</span> <span class='ocrx_word' id='word_1_58' title='bbox 1187 1231 1344 1299; x_wconf 86' lang='lat' dir='ltr'>ferre,</span> <span class='ocrx_word' id='word_1_59' title='bbox 1375 1249 1537 1303; x_wconf 91' lang='lat' dir='ltr'>quum</span> <span class='ocrx_word' id='word_1_60' title='bbox 1558 1231 1762 1302; x_wconf 88' lang='lat' dir='ltr'>absque</span> <span class='ocrx_word' id='word_1_61' title='bbox 1790 1230 1936 1284; x_wconf 91' lang='lat' dir='ltr'>omni</span> <span class='ocrx_word' id='word_1_62' title='bbox 1954 1229 2120 1285; x_wconf 89' lang='lat' dir='ltr'>animi</span> 
     </span>
     <span class='ocr_line' id='line_1_11' title="bbox 231 1323 2119 1401; baseline -0.005 -17"><span class='ocrx_word' id='word_1_63' title='bbox 231 1327 636 1401; x_wconf 86' lang='lat' dir='ltr'>perturbatione</span> <span class='ocrx_word' id='word_1_64' title='bbox 680 1328 716 1381; x_wconf 90' lang='lat' dir='ltr'>i.</span> <span class='ocrx_word' id='word_1_65' title='bbox 756 1344 800 1381; x_wconf 91' lang='lat' dir='ltr'>e.</span> <span class='ocrx_word' id='word_1_66' title='bbox 836 1344 1013 1398; x_wconf 90' lang='lat' dir='ltr'>neque</span> <span class='ocrx_word' id='word_1_67' title='bbox 1052 1343 1181 1381; x_wconf 90' lang='lat' dir='ltr'>suae</span> <span class='ocrx_word' id='word_1_68' title='bbox 1216 1326 1603 1396; x_wconf 90' lang='lat' dir='ltr'>ipsius-neque</span> <span class='ocrx_word' id='word_1_69' title='bbox 1643 1324 1870 1379; x_wconf 89' lang='lat' dir='ltr'>aliorum</span> <span class='ocrx_word' id='word_1_70' title='bbox 1918 1323 2119 1378; x_wconf 89' lang='lat' dir='ltr'>utilita-</span> 
     </span>
     <span class='ocr_line' id='line_1_12' title="bbox 230 1417 2118 1491; baseline -0.003 -15"><span class='ocrx_word' id='word_1_71' title='bbox 230 1423 297 1476; x_wconf 88' lang='lat' dir='ltr'>tis</span> <span class='ocrx_word' id='word_1_72' title='bbox 333 1422 542 1476; x_wconf 89' lang='lat' dir='ltr'>ratione</span> <span class='ocrx_word' id='word_1_73' title='bbox 578 1420 766 1474; x_wconf 88' lang='lat' dir='ltr'>habita</span> <span class='ocrx_word' id='word_1_74' title='bbox 801 1419 1197 1489; x_wconf 84' lang='lat' dir='ltr'>deliberaverit,</span> <span class='ocrx_word' id='word_1_75' title='bbox 1239 1418 1366 1491; x_wconf 91' lang='lat' dir='ltr'>quid</span> <span class='ocrx_word' id='word_1_76' title='bbox 1403 1435 1634 1489; x_wconf 89' lang='lat' dir='ltr'>aequum</span> <span class='ocrx_word' id='word_1_77' title='bbox 1672 1417 1742 1471; x_wconf 88' lang='lat' dir='ltr'>sit</span> <span class='ocrx_word' id='word_1_78' title='bbox 1794 1420 1850 1472; x_wconf 90' lang='lat' dir='ltr'>et</span> <span class='ocrx_word' id='word_1_79' title='bbox 1897 1419 2118 1471; x_wconf 89' lang='lat' dir='ltr'>rectum.</span> 
     </span>
    </p>

    <p class='ocr_par' dir='ltr' id='par_1_5' title="bbox 228 1511 2121 2131">
     <span class='ocr_line' id='line_1_13' title="bbox 406 1511 2121 1583; baseline -0.002 -15"><span class='ocrx_word' id='word_1_80' title='bbox 406 1515 528 1568; x_wconf 86' lang='lat' dir='ltr'>Non</span> <span class='ocrx_word' id='word_1_81' title='bbox 569 1515 725 1567; x_wconf 89' lang='lat' dir='ltr'>aliter</span> <span class='ocrx_word' id='word_1_82' title='bbox 768 1513 1027 1568; x_wconf 82' lang='lat' dir='ltr'>Smithius</span> <span class='ocrx_word' id='word_1_83' title='bbox 1065 1512 1336 1567; x_wconf 88' lang='lat' dir='ltr'>hominem</span> <span class='ocrx_word' id='word_1_84' title='bbox 1363 1513 1600 1583; x_wconf 86' lang='lat' dir='ltr'>aliquam</span> <span class='ocrx_word' id='word_1_85' title='bbox 1621 1511 1885 1566; x_wconf 88' lang='lat' dir='ltr'>actionem</span> <span class='ocrx_word' id='word_1_86' title='bbox 1905 1527 2121 1582; x_wconf 88' lang='lat' dir='ltr'>suscep-</span> 
     </span>
     <span class='ocr_line' id='line_1_14' title="bbox 232 1604 2119 1678; baseline -0.003 -15"><span class='ocrx_word' id='word_1_87' title='bbox 232 1614 413 1663; x_wconf 89' lang='lat' dir='ltr'>turum</span> <span class='ocrx_word' id='word_1_88' title='bbox 452 1607 523 1662; x_wconf 90' lang='lat' dir='ltr'>ad</span> <span class='ocrx_word' id='word_1_89' title='bbox 561 1607 919 1662; x_wconf 89' lang='lat' dir='ltr'>conditionem</span> <span class='ocrx_word' id='word_1_90' title='bbox 956 1606 1269 1678; x_wconf 80' lang='lat' dir='ltr'>spectatoris</span> <span class='ocrx_word' id='word_1_91' title='bbox 1320 1606 1596 1678; x_wconf 88' lang='lat' dir='ltr'>tranquilli</span> <span class='ocrx_word' id='word_1_92' title='bbox 1647 1608 1703 1661; x_wconf 83' lang='lat' dir='ltr'>et</span> <span class='ocrx_word' id='word_1_93' title='bbox 1756 1605 1947 1660; x_wconf 89' lang='lat' dir='ltr'>sinceri</span> <span class='ocrx_word' id='word_1_94' title='bbox 1997 1604 2032 1658; x_wconf 88' lang='lat' dir='ltr'>i.</span> <span class='ocrx_word' id='word_1_95' title='bbox 2071 1621 2119 1658; x_wconf 90' lang='lat' dir='ltr'>e.</span> 
     </span>
     <span class='ocr_line' id='line_1_15' title="bbox 229 1698 2121 1773; baseline -0.003 -16"><span class='ocrx_word' id='word_1_96' title='bbox 229 1703 380 1757; x_wconf 92' lang='lat' dir='ltr'>nullo</span> <span class='ocrx_word' id='word_1_97' title='bbox 415 1702 650 1773; x_wconf 89' lang='lat' dir='ltr'>impulsu</span> <span class='ocrx_word' id='word_1_98' title='bbox 694 1701 827 1754; x_wconf 92' lang='lat' dir='ltr'>moti</span> <span class='ocrx_word' id='word_1_99' title='bbox 876 1700 1097 1755; x_wconf 86' lang='lat' dir='ltr'>adducit</span> <span class='ocrx_word' id='word_1_100' title='bbox 1149 1705 1311 1772; x_wconf 91' lang='lat' dir='ltr'>atque</span> <span class='ocrx_word' id='word_1_101' title='bbox 1359 1700 1661 1770; x_wconf 84' lang='lat' dir='ltr'>existimat,</span> <span class='ocrx_word' id='word_1_102' title='bbox 1716 1700 1979 1754; x_wconf 89' lang='lat' dir='ltr'>rationem</span> <span class='ocrx_word' id='word_1_103' title='bbox 2021 1698 2121 1752; x_wconf 89' lang='lat' dir='ltr'>hu-</span> 
     </span>
     <span class='ocr_line' id='line_1_16' title="bbox 230 1791 2119 1866; baseline -0.001 -18"><span class='ocrx_word' id='word_1_104' title='bbox 230 1813 446 1850; x_wconf 88' lang='lat' dir='ltr'>manam</span> <span class='ocrx_word' id='word_1_105' title='bbox 484 1795 562 1848; x_wconf 90' lang='lat' dir='ltr'>ita</span> <span class='ocrx_word' id='word_1_106' title='bbox 599 1811 716 1848; x_wconf 89' lang='lat' dir='ltr'>esse</span> <span class='ocrx_word' id='word_1_107' title='bbox 753 1795 888 1848; x_wconf 89' lang='lat' dir='ltr'>recti</span> <span class='ocrx_word' id='word_1_108' title='bbox 924 1794 1110 1848; x_wconf 72' lang='lat' dir='ltr'>iudicii</span> <span class='ocrx_word' id='word_1_109' title='bbox 1147 1811 1420 1866; x_wconf 87' lang='lat' dir='ltr'>capacem,</span> <span class='ocrx_word' id='word_1_110' title='bbox 1461 1795 1507 1847; x_wconf 86' lang='lat' dir='ltr'>si</span> <span class='ocrx_word' id='word_1_111' title='bbox 1556 1793 1743 1865; x_wconf 89' lang='lat' dir='ltr'>procul</span> <span class='ocrx_word' id='word_1_112' title='bbox 1794 1792 1862 1847; x_wconf 90' lang='lat' dir='ltr'>de</span> <span class='ocrx_word' id='word_1_113' title='bbox 1910 1791 2119 1846; x_wconf 92' lang='lat' dir='ltr'>actione</span> 
     </span>
     <span class='ocr_line' id='line_1_17' title="bbox 228 1883 2117 1960; baseline -0.002 -18"><span class='ocrx_word' id='word_1_114' title='bbox 228 1888 556 1960; x_wconf 89' lang='lat' dir='ltr'>perficienda</span> <span class='ocrx_word' id='word_1_115' title='bbox 594 1887 812 1958; x_wconf 83' lang='lat' dir='ltr'>cogitet,</span> <span class='ocrx_word' id='word_1_116' title='bbox 851 1887 1060 1958; x_wconf 88' lang='lat' dir='ltr'>hocque</span> <span class='ocrx_word' id='word_1_117' title='bbox 1098 1887 1355 1942; x_wconf 90' lang='lat' dir='ltr'>iudicium</span> <span class='ocrx_word' id='word_1_118' title='bbox 1407 1904 1471 1941; x_wconf 91' lang='lat' dir='ltr'>eo</span> <span class='ocrx_word' id='word_1_119' title='bbox 1521 1886 1747 1958; x_wconf 88' lang='lat' dir='ltr'>propius</span> <span class='ocrx_word' id='word_1_120' title='bbox 1803 1884 1875 1940; x_wconf 88' lang='lat' dir='ltr'>ad</span> <span class='ocrx_word' id='word_1_121' title='bbox 1923 1883 2117 1940; x_wconf 87' lang='lat' dir='ltr'>verita-</span> 
     </span>
     <span class='ocr_line' id='line_1_18' title="bbox 229 1979 2121 2053; baseline -0.001 -18"><span class='ocrx_word' id='word_1_122' title='bbox 229 1987 338 2036; x_wconf 91' lang='lat' dir='ltr'>tem</span> <span class='ocrx_word' id='word_1_123' title='bbox 377 1982 649 2050; x_wconf 89' lang='lat' dir='ltr'>accedere,</span> <span class='ocrx_word' id='word_1_124' title='bbox 689 1998 792 2053; x_wconf 92' lang='lat' dir='ltr'>quo</span> <span class='ocrx_word' id='word_1_125' title='bbox 829 1982 1010 2036; x_wconf 86' lang='lat' dir='ltr'>altiori</span> <span class='ocrx_word' id='word_1_126' title='bbox 1047 1982 1163 2035; x_wconf 93' lang='lat' dir='ltr'>loco</span> <span class='ocrx_word' id='word_1_127' title='bbox 1200 1982 1360 2035; x_wconf 89' lang='lat' dir='ltr'>homo</span> <span class='ocrx_word' id='word_1_128' title='bbox 1399 1985 1644 2035; x_wconf 81' lang='lat' dir='ltr'>versetur</span> <span class='ocrx_word' id='word_1_129' title='bbox 1695 1980 1736 2034; x_wconf 90' lang='lat' dir='ltr'>i.</span> <span class='ocrx_word' id='word_1_130' title='bbox 1783 1996 1828 2034; x_wconf 88' lang='lat' dir='ltr'>e.</span> <span class='ocrx_word' id='word_1_131' title='bbox 1883 1996 1988 2051; x_wconf 93' lang='lat' dir='ltr'>quo</span> <span class='ocrx_word' id='word_1_132' title='bbox 2023 1979 2121 2033; x_wconf 88' lang='lat' dir='ltr'>mi-</span> 
     </span>
     <span class='ocr_line' id='line_1_19' title="bbox 231 2075 1534 2131; baseline -0.001 -1"><span class='ocrx_word' id='word_1_133' title='bbox 231 2076 357 2131; x_wconf 87' lang='lat' dir='ltr'>nori.</span> <span class='ocrx_word' id='word_1_134' title='bbox 381 2078 475 2130; x_wconf 91' lang='lat' dir='ltr'>aut</span> <span class='ocrx_word' id='word_1_135' title='bbox 507 2075 718 2130; x_wconf 89' lang='lat' dir='ltr'>interna</span> <span class='ocrx_word' id='word_1_136' title='bbox 753 2077 849 2129; x_wconf 88' lang='lat' dir='ltr'>aut</span> <span class='ocrx_word' id='word_1_137' title='bbox 885 2077 1113 2130; x_wconf 85' lang='lat' dir='ltr'>externa</span> <span class='ocrx_word' id='word_1_138' title='bbox 1145 2076 1201 2130; x_wconf 90' lang='lat' dir='ltr'>vi</span> <span class='ocrx_word' id='word_1_139' title='bbox 1236 2079 1534 2130; x_wconf 81' lang='lat' dir='ltr'>moveatur.</span> 
     </span>
    </p>

    <p class='ocr_par' dir='ltr' id='par_1_6' title="bbox 229 2165 2120 2616">
     <span class='ocr_line' id='line_1_20' title="bbox 372 2165 2119 2242; baseline -0.002 -19"><span class='ocrx_word' id='word_1_140' title='bbox 372 2168 569 2241; x_wconf 88' lang='lat' dir='ltr'>Itaque</span> <span class='ocrx_word' id='word_1_141' title='bbox 623 2169 864 2242; x_wconf 89' lang='lat' dir='ltr'>quamvis</span> <span class='ocrx_word' id='word_1_142' title='bbox 918 2169 1083 2240; x_wconf 90' lang='lat' dir='ltr'>longe</span> <span class='ocrx_word' id='word_1_143' title='bbox 1144 2168 1402 2223; x_wconf 85' lang='lat' dir='ltr'>Smithius</span> <span class='ocrx_word' id='word_1_144' title='bbox 1464 2186 1497 2223; x_wconf 89' lang='lat' dir='ltr'>a</span> <span class='ocrx_word' id='word_1_145' title='bbox 1544 2167 1748 2222; x_wconf 86' lang='lat' dir='ltr'>Kantio</span> <span class='ocrx_word' id='word_1_146' title='bbox 1809 2165 2119 2237; x_wconf 86' lang='lat' dir='ltr'>discrepare</span> 
     </span>
     <span class='ocr_line' id='line_1_21' title="bbox 229 2261 2116 2335; baseline -0.002 -19"><span class='ocrx_word' id='word_1_147' title='bbox 229 2263 401 2334; x_wconf 90' lang='lat' dir='ltr'>primo</span> <span class='ocrx_word' id='word_1_148' title='bbox 439 2263 700 2335; x_wconf 90' lang='lat' dir='ltr'>adspectu</span> <span class='ocrx_word' id='word_1_149' title='bbox 737 2262 1000 2331; x_wconf 87' lang='lat' dir='ltr'>videatur,</span> <span class='ocrx_word' id='word_1_150' title='bbox 1039 2265 1220 2317; x_wconf 88' lang='lat' dir='ltr'>tamen</span> <span class='ocrx_word' id='word_1_151' title='bbox 1259 2261 1562 2317; x_wconf 87' lang='lat' dir='ltr'>accuratius</span> <span class='ocrx_word' id='word_1_152' title='bbox 1600 2279 1660 2317; x_wconf 89' lang='lat' dir='ltr'>re</span> <span class='ocrx_word' id='word_1_153' title='bbox 1696 2276 1967 2333; x_wconf 87' lang='lat' dir='ltr'>perpensa</span> <span class='ocrx_word' id='word_1_154' title='bbox 1988 2275 2116 2314; x_wconf 89' lang='lat' dir='ltr'>ean-</span> 
     </span>
     <span class='ocr_line' id='line_1_22' title="bbox 237 2353 2117 2429; baseline -0.003 -19"><span class='ocrx_word' id='word_1_155' title='bbox 237 2356 362 2412; x_wconf 90' lang='lat' dir='ltr'>dem</span> <span class='ocrx_word' id='word_1_156' title='bbox 397 2357 512 2412; x_wconf 90' lang='lat' dir='ltr'>fere</span> <span class='ocrx_word' id='word_1_157' title='bbox 549 2356 695 2429; x_wconf 90' lang='lat' dir='ltr'>apud</span> <span class='ocrx_word' id='word_1_158' title='bbox 731 2361 1020 2427; x_wconf 90' lang='lat' dir='ltr'>utrumque</span> <span class='ocrx_word' id='word_1_159' title='bbox 1056 2355 1354 2412; x_wconf 82' lang='lat' dir='ltr'>invenimus</span> <span class='ocrx_word' id='word_1_160' title='bbox 1389 2356 1529 2427; x_wconf 88' lang='lat' dir='ltr'>legis</span> <span class='ocrx_word' id='word_1_161' title='bbox 1566 2355 1783 2410; x_wconf 87' lang='lat' dir='ltr'>moralis</span> <span class='ocrx_word' id='word_1_162' title='bbox 1813 2353 2117 2420; x_wconf 87' lang='lat' dir='ltr'>formulam,</span> 
     </span>
     <span class='ocr_line' id='line_1_23' title="bbox 236 2447 2120 2523; baseline -0.002 -19"><span class='ocrx_word' id='word_1_163' title='bbox 236 2468 398 2522; x_wconf 90' lang='lat' dir='ltr'>quum</span> <span class='ocrx_word' id='word_1_164' title='bbox 437 2451 752 2523; x_wconf 88' lang='lat' dir='ltr'>spectatoris</span> <span class='ocrx_word' id='word_1_165' title='bbox 805 2449 950 2522; x_wconf 90' lang='lat' dir='ltr'>apud</span> <span class='ocrx_word' id='word_1_166' title='bbox 997 2450 1148 2504; x_wconf 92' lang='lat' dir='ltr'>illum</span> <span class='ocrx_word' id='word_1_167' title='bbox 1202 2453 1257 2504; x_wconf 92' lang='lat' dir='ltr'>et</span> <span class='ocrx_word' id='word_1_168' title='bbox 1305 2450 1631 2520; x_wconf 87' lang='lat' dir='ltr'>legislatoris</span> <span class='ocrx_word' id='word_1_169' title='bbox 1667 2447 1812 2521; x_wconf 89' lang='lat' dir='ltr'>apud</span> <span class='ocrx_word' id='word_1_170' title='bbox 1847 2447 1990 2502; x_wconf 92' lang='lat' dir='ltr'>hunc</span> <span class='ocrx_word' id='word_1_171' title='bbox 2024 2463 2120 2518; x_wconf 90' lang='lat' dir='ltr'>pa-</span> 
     </span>
     <span class='ocr_line' id='line_1_24' title="bbox 230 2541 2014 2616; baseline -0.002 -18"><span class='ocrx_word' id='word_1_172' title='bbox 230 2561 316 2599; x_wconf 89' lang='lat' dir='ltr'>res</span> <span class='ocrx_word' id='word_1_173' title='bbox 355 2544 463 2598; x_wconf 89' lang='lat' dir='ltr'>sint</span> <span class='ocrx_word' id='word_1_174' title='bbox 499 2548 681 2616; x_wconf 90' lang='lat' dir='ltr'>partes</span> <span class='ocrx_word' id='word_1_175' title='bbox 720 2543 1017 2616; x_wconf 89' lang='lat' dir='ltr'>eademque</span> <span class='ocrx_word' id='word_1_176' title='bbox 1055 2542 1126 2597; x_wconf 89' lang='lat' dir='ltr'>ad</span> <span class='ocrx_word' id='word_1_177' title='bbox 1164 2542 1534 2598; x_wconf 87' lang='lat' dir='ltr'>diiudicandas</span> <span class='ocrx_word' id='word_1_178' title='bbox 1575 2542 1812 2598; x_wconf 83' lang='lat' dir='ltr'>actiones</span> <span class='ocrx_word' id='word_1_179' title='bbox 1857 2541 2014 2596; x_wconf 90' lang='lat' dir='ltr'>ratio.</span> 
     </span>
    </p>

    <p class='ocr_par' dir='ltr' id='par_1_7' title="bbox 235 2633 2121 2804">
     <span class='ocr_line' id='line_1_25' title="bbox 409 2633 2120 2709; baseline -0.002 -18"><span class='ocrx_word' id='word_1_180' title='bbox 409 2637 536 2691; x_wconf 90' lang='lat' dir='ltr'>Pari</span> <span class='ocrx_word' id='word_1_181' title='bbox 573 2637 684 2692; x_wconf 83' lang='lat' dir='ltr'>fere</span> <span class='ocrx_word' id='word_1_182' title='bbox 721 2637 880 2692; x_wconf 92' lang='lat' dir='ltr'>modo</span> <span class='ocrx_word' id='word_1_183' title='bbox 918 2636 1312 2692; x_wconf 89' lang='lat' dir='ltr'>Wollastonius</span> <span class='ocrx_word' id='word_1_184' title='bbox 1335 2639 1373 2707; x_wconf 87' lang='lat'>ยน)</span> <span class='ocrx_word' id='word_1_185' title='bbox 1410 2637 1688 2709; x_wconf 88' lang='lat' dir='ltr'>praecipit,</span> <span class='ocrx_word' id='word_1_186' title='bbox 1739 2641 1802 2692; x_wconf 92' lang='lat' dir='ltr'>ut</span> <span class='ocrx_word' id='word_1_187' title='bbox 1834 2633 2120 2707; x_wconf 90' lang='lat' dir='ltr'>unusquis-</span> 
     </span>
     <span class='ocr_line' id='line_1_26' title="bbox 235 2726 2121 2804; baseline -0.002 -20"><span class='ocrx_word' id='word_1_188' title='bbox 235 2747 338 2802; x_wconf 90' lang='lat' dir='ltr'>que</span> <span class='ocrx_word' id='word_1_189' title='bbox 375 2734 500 2785; x_wconf 89' lang='lat' dir='ltr'>ante</span> <span class='ocrx_word' id='word_1_190' title='bbox 539 2731 803 2786; x_wconf 90' lang='lat' dir='ltr'>actionem</span> <span class='ocrx_word' id='word_1_191' title='bbox 840 2731 1239 2804; x_wconf 84' lang='lat' dir='ltr'>suscipiendam</span> <span class='ocrx_word' id='word_1_192' title='bbox 1276 2731 1575 2801; x_wconf 84' lang='lat' dir='ltr'>examinet,</span> <span class='ocrx_word' id='word_1_193' title='bbox 1627 2747 1696 2786; x_wconf 91' lang='lat' dir='ltr'>an</span> <span class='ocrx_word' id='word_1_194' title='bbox 1732 2730 1867 2784; x_wconf 91' lang='lat' dir='ltr'>nulli</span> <span class='ocrx_word' id='word_1_195' title='bbox 1903 2726 2121 2784; x_wconf 87' lang='lat' dir='ltr'>veritati</span> 
     </span>
    </p>
   </div>
   <div class='ocr_carea' id='block_1_5' title="bbox 145 2824 2121 2897">
    <p class='ocr_par' dir='ltr' id='par_1_8' title="bbox 145 2824 2121 2897">
     <span class='ocr_line' id='line_1_27' title="bbox 145 2824 2121 2897; baseline -0.002 -20"><span class='ocrx_word' id='word_1_196' title='bbox 145 2887 149 2892; x_wconf 66' lang='lat'>,</span> <span class='ocrx_word' id='word_1_197' title='bbox 234 2827 488 2878; x_wconf 88' lang='lat' dir='ltr'>aeternae</span> <span class='ocrx_word' id='word_1_198' title='bbox 545 2829 823 2897; x_wconf 81' lang='lat' dir='ltr'>repugnet.</span> <span class='ocrx_word' id='word_1_199' title='bbox 914 2824 1082 2879; x_wconf 90' lang='lat' dir='ltr'>Haud</span> <span class='ocrx_word' id='word_1_200' title='bbox 1133 2842 1290 2880; x_wconf 90' lang='lat' dir='ltr'>secus</span> <span class='ocrx_word' id='word_1_201' title='bbox 1347 2824 1581 2879; x_wconf 89' lang='lat' dir='ltr'>Kantins</span> <span class='ocrx_word' id='word_1_202' title='bbox 1639 2825 1822 2893; x_wconf 90' lang='lat' dir='ltr'>docet,</span> <span class='ocrx_word' id='word_1_203' title='bbox 1877 2838 2121 2878; x_wconf 89' lang='lat' dir='ltr'>normam</span> 
     </span>
    </p>
   </div>
   <div class='ocr_carea' id='block_1_6' title="bbox 233 2915 2121 3365">
    <p class='ocr_par' dir='ltr' id='par_1_9' title="bbox 233 2915 2121 3178">
     <span class='ocr_line' id='line_1_28' title="bbox 234 2915 2121 2992; baseline 0 -23"><span class='ocrx_word' id='word_1_204' title='bbox 234 2917 433 2988; x_wconf 89' lang='lat' dir='ltr'>agendi</span> <span class='ocrx_word' id='word_1_205' title='bbox 476 2918 767 2990; x_wconf 88' lang='lat' dir='ltr'>petendam</span> <span class='ocrx_word' id='word_1_206' title='bbox 801 2935 917 2974; x_wconf 87' lang='lat' dir='ltr'>esse</span> <span class='ocrx_word' id='word_1_207' title='bbox 955 2937 988 2974; x_wconf 89' lang='lat' dir='ltr'>a</span> <span class='ocrx_word' id='word_1_208' title='bbox 1029 2918 1124 2974; x_wconf 90' lang='lat' dir='ltr'>tali</span> <span class='ocrx_word' id='word_1_209' title='bbox 1172 2919 1462 2992; x_wconf 83' lang='lat' dir='ltr'>principiO,</span> <span class='ocrx_word' id='word_1_210' title='bbox 1507 2918 1802 2975; x_wconf 90' lang='lat' dir='ltr'>secundum</span> <span class='ocrx_word' id='word_1_211' title='bbox 1852 2915 1997 2990; x_wconf 93' lang='lat' dir='ltr'>quod</span> <span class='ocrx_word' id='word_1_212' title='bbox 2042 2915 2121 2969; x_wconf 91' lang='lat' dir='ltr'>le-</span> 
     </span>
     <span class='ocr_line' id='line_1_29' title="bbox 233 3009 2115 3085; baseline 0 -22"><span class='ocrx_word' id='word_1_213' title='bbox 233 3027 330 3081; x_wconf 87' lang='lat' dir='ltr'>ges</span> <span class='ocrx_word' id='word_1_214' title='bbox 368 3010 581 3064; x_wconf 90' lang='lat' dir='ltr'>omnino</span> <span class='ocrx_word' id='word_1_215' title='bbox 622 3012 871 3066; x_wconf 87' lang='lat' dir='ltr'>constitui</span> <span class='ocrx_word' id='word_1_216' title='bbox 905 3013 1112 3084; x_wconf 88' lang='lat' dir='ltr'>possint</span> <span class='ocrx_word' id='word_1_217' title='bbox 1150 3029 1214 3067; x_wconf 88' lang='lat' dir='ltr'>ac</span> <span class='ocrx_word' id='word_1_218' title='bbox 1252 3012 1500 3082; x_wconf 88' lang='lat' dir='ltr'>debeant,</span> <span class='ocrx_word' id='word_1_219' title='bbox 1538 3012 1682 3085; x_wconf 88' lang='lat' dir='ltr'>quod</span> <span class='ocrx_word' id='word_1_220' title='bbox 1719 3012 1884 3084; x_wconf 87' lang='lat' dir='ltr'>igitur</span> <span class='ocrx_word' id='word_1_221' title='bbox 1919 3009 2115 3066; x_wconf 88' lang='lat' dir='ltr'>verita-</span> 
     </span>
     <span class='ocr_line' id='line_1_30' title="bbox 233 3103 1567 3178; baseline 0.002 -21"><span class='ocrx_word' id='word_1_222' title='bbox 233 3107 345 3158; x_wconf 92' lang='lat' dir='ltr'>tem</span> <span class='ocrx_word' id='word_1_223' title='bbox 380 3103 652 3159; x_wconf 90' lang='lat' dir='ltr'>involvere</span> <span class='ocrx_word' id='word_1_224' title='bbox 691 3108 942 3177; x_wconf 88' lang='lat' dir='ltr'>oporteat</span> <span class='ocrx_word' id='word_1_225' title='bbox 979 3106 1227 3161; x_wconf 87' lang='lat' dir='ltr'>omnibus</span> <span class='ocrx_word' id='word_1_226' title='bbox 1265 3106 1567 3178; x_wconf 89' lang='lat' dir='ltr'>probatam.</span> 
     </span>
    </p>

    <p class='ocr_par' dir='ltr' id='par_1_10' title="bbox 236 3197 2119 3365">
     <span class='ocr_line' id='line_1_31' title="bbox 405 3197 2119 3272; baseline 0.001 -22"><span class='ocrx_word' id='word_1_227' title='bbox 405 3197 551 3268; x_wconf 87' lang='lat' dir='ltr'>Ergo</span> <span class='ocrx_word' id='word_1_228' title='bbox 614 3198 796 3270; x_wconf 90' lang='lat' dir='ltr'>aliqua</span> <span class='ocrx_word' id='word_1_229' title='bbox 855 3199 1014 3254; x_wconf 87' lang='lat' dir='ltr'>huius</span> <span class='ocrx_word' id='word_1_230' title='bbox 1081 3217 1204 3254; x_wconf 92' lang='lat' dir='ltr'>cum</span> <span class='ocrx_word' id='word_1_231' title='bbox 1274 3200 1366 3254; x_wconf 92' lang='lat' dir='ltr'>illo</span> <span class='ocrx_word' id='word_1_232' title='bbox 1435 3199 1810 3272; x_wconf 85' lang='lat' dir='ltr'>propinquitas</span> <span class='ocrx_word' id='word_1_233' title='bbox 1879 3216 1949 3255; x_wconf 87' lang='lat' dir='ltr'>ex</span> <span class='ocrx_word' id='word_1_234' title='bbox 2016 3197 2119 3252; x_wconf 89' lang='lat' dir='ltr'>hac</span> 
     </span>
     <span class='ocr_line' id='line_1_32' title="bbox 236 3291 2119 3365; baseline 0 -21"><span class='ocrx_word' id='word_1_235' title='bbox 236 3293 391 3362; x_wconf 88' lang='lat' dir='ltr'>parte</span> <span class='ocrx_word' id='word_1_236' title='bbox 428 3291 715 3346; x_wconf 88' lang='lat' dir='ltr'>statuenda</span> <span class='ocrx_word' id='word_1_237' title='bbox 753 3291 983 3364; x_wconf 84' lang='lat' dir='ltr'>videtur,</span> <span class='ocrx_word' id='word_1_238' title='bbox 1020 3310 1184 3365; x_wconf 91' lang='lat' dir='ltr'>quum</span> <span class='ocrx_word' id='word_1_239' title='bbox 1222 3294 1421 3349; x_wconf 87' lang='lat' dir='ltr'>veritas</span> <span class='ocrx_word' id='word_1_240' title='bbox 1460 3293 1529 3348; x_wconf 91' lang='lat' dir='ltr'>ab</span> <span class='ocrx_word' id='word_1_241' title='bbox 1589 3293 1839 3349; x_wconf 87' lang='lat' dir='ltr'>omnibus</span> <span class='ocrx_word' id='word_1_242' title='bbox 1897 3292 2119 3364; x_wconf 88' lang='lat' dir='ltr'>recepta</span> 
     </span>
    </p>
   </div>
   <div class='ocr_carea' id='block_1_7' title="bbox 240 3413 577 3421">
    <p class='ocr_par' dir='ltr' id='par_1_11' title="bbox 240 3413 577 3421">
     <span class='ocr_line' id='line_1_33' title="bbox 240 3413 577 3421; baseline 0 407"><span class='ocrx_word' id='word_1_243' title='bbox 240 3413 577 3421; x_wconf 95' lang='lat' dir='ltr'> </span> 
     </span>
    </p>
   </div>
   <div class='ocr_carea' id='block_1_8' title="bbox 412 3481 1714 3543">
    <p class='ocr_par' dir='ltr' id='par_1_12' title="bbox 412 3481 1714 3543">
     <span class='ocr_line' id='line_1_34' title="bbox 412 3481 1714 3543; baseline 0.005 -18"><span class='ocrx_word' id='word_1_244' title='bbox 412 3483 458 3539; x_wconf 85' lang='lat'>1)</span> <span class='ocrx_word' id='word_1_245' title='bbox 490 3481 578 3527; x_wconf 85' lang='lat' dir='ltr'>vid.</span> <span class='ocrx_word' id='word_1_246' title='bbox 608 3482 743 3528; x_wconf 85' lang='lat' dir='ltr'>Rixn.</span> <span class='ocrx_word' id='word_1_247' title='bbox 772 3483 804 3530; x_wconf 81' lang='lat'>1.</span> <span class='ocrx_word' id='word_1_248' title='bbox 837 3496 873 3528; x_wconf 83' lang='lat' dir='ltr'>c.</span> <span class='ocrx_word' id='word_1_249' title='bbox 905 3497 1009 3543; x_wconf 87' lang='lat' dir='ltr'>pag.</span> <span class='ocrx_word' id='word_1_250' title='bbox 1042 3485 1155 3542; x_wconf 80' lang='lat'>1413</span> <span class='ocrx_word' id='word_1_251' title='bbox 1185 3485 1319 3530; x_wconf 84' lang='lat' dir='ltr'>Garv.</span> <span class='ocrx_word' id='word_1_252' title='bbox 1350 3486 1378 3530; x_wconf 90' lang='lat' dir='ltr'>l.</span> <span class='ocrx_word' id='word_1_253' title='bbox 1411 3498 1448 3531; x_wconf 90' lang='lat' dir='ltr'>c.</span> <span class='ocrx_word' id='word_1_254' title='bbox 1477 3497 1583 3543; x_wconf 79' lang='lat' dir='ltr'>pag.</span> <span class='ocrx_word' id='word_1_255' title='bbox 1615 3484 1714 3531; x_wconf 87' lang='grc'><strong>172.</strong></span> 
     </span>
    </p>
   </div>
  </div>
 </body>
</html>
