2248 3828
1092 167 1121 216 Ἴ,

182 318 398 359 omnem
436 322 587 376 spem
626 305 695 360 ad
733 306 987 361 veritates
1025 309 1420 381 metaphysieas
1439 309 1819 381 progrediendi
1846 326 1878 362 a
1905 309 2067 382 priori

180 395 407 451 auferat.
483 397 884 458 Talisffomnino
922 400 1216 455 secundum
1252 401 1409 456 huius
1464 401 1838 474 philosophiae
1874 401 2065 473 prinei·

179 488 271 559 pia
307 489 544 546 animum
579 492 719 546 inter
758 497 812 547 et
870 510 1062 565 corpus
1114 494 1407 549 humanum
1453 494 1742 549 statuenda
1787 498 1873 547 est
1914 493 2068 558 ratio,

181 582 397 652 qualem
434 584 579 638 haud
615 586 726 640 scio
761 604 831 640 an
878 604 1036 642 nemo
1088 588 1304 643 brevius
1356 593 1411 643 et
1460 588 1638 642 verius
1691 586 2069 658 significaverit

181 693 346 748 quam
380 677 529 733 hisce
564 678 880 734 Platnerus:

360 770 551 839 „Nach
591 771 777 827 Locke
814 773 884 827 ist
935 774 1031 828 der
1065 774 1280 846 Korper
1329 773 1423 829 des
1459 772 1750 829 Menschen
1799 772 1887 827 ein
1924 772 2064 826 Uhr-

179 864 345 931 werk,
383 883 566 920 woran
604 864 701 919 der
739 866 892 921 Geist
929 868 1301 939 angeschnallt
1338 869 1425 938 ist,
1461 885 1551 922 um
1587 867 1683 921 mit
1709 868 1893 938 jenem
1919 866 2063 920 Uhr·

182 957 364 1012 werke
401 959 819 1030 herumgedreht
857 979 923 1015 zu
959 962 1213 1017 werden“
1234 962 1287 1031 ί).

359 1051 514 1115 Quae
547 1051 738 1107 Lockii
773 1053 1045 1123 doctrina,
1089 1059 1150 1109 ut
1186 1072 1362 1110 rerum
1400 1059 1597 1111 eventu
1635 1054 1810 1110 edocti
1859 1057 2060 1122 sumus,

179 1145 253 1199 ad
285 1140 417 1201 alios
455 1164 664 1218 quoque
699 1163 934 1217 errores,
984 1148 1074 1202 ubi
1115 1149 1344 1220 primum
1395 1149 1542 1203 nullo
1593 1147 1834 1202 adhibito
1870 1149 2066 1220 princi-

178 1239 388 1310 piorum
431 1241 682 1295 examine
730 1247 949 1314 recepta
1002 1243 1131 1311 fuit,
1183 1242 1408 1296 deduxit
1445 1242 1593 1296 vario
1632 1241 1846 1313 quidem
1882 1241 2058 1309 modo,

178 1336 340 1402 prout
378 1333 574 1387 Lockii
610 1337 903 1389 sectatores
940 1335 1080 1389 inter
1127 1352 1185 1389 se
1219 1335 1593 1389 dissentientes
1617 1339 1733 1388 'aut
1766 1335 1823 1388 id
1857 1340 2066 1406 specta-

180 1425 341 1495 bant,
390 1431 452 1480 ut
498 1426 891 1500 philosophiam
936 1433 1311 1499 promoverent
1367 1428 1700 1500 veritateque
1746 1428 2067 1499 potirentur,

179 1523 275 1574 aut
311 1518 376 1575 id
418 1518 688 1591 agebant,
738 1525 798 1574 ut
848 1521 1226 1593 principiorum
1275 1520 1637 1574 infirmitatem
1690 1525 1936 1592 tegerent
1982 1521 2068 1576 vel

179 1612 344 1670 etiam
382 1614 747 1670 confirmando
787 1615 1085 1670 stabilirent
1101 1616 1164 1682 2).

353 1706 614 1763 Attamen
651 1707 795 1762 haud
843 1708 1058 1763 difficile
1109 1713 1194 1763 est
1243 1707 1313 1762 ad
1350 1708 1790 1779 intelligendum,
1828 1708 1949 1762 illos
1986 1726 2067 1761 er-

182 1819 334 1857 rores
390 1802 791 1875 propinquitate
848 1802 1083 1875 quadam
1131 1803 1272 1857 inter
1322 1820 1379 1856 se
1435 1803 1722 1857 cohaerere
1767 1802 1962 1874 quippe
1999 1820 2067 1855 ex

153 1892 374 1951 'eodem
406 1895 544 1969 falso
596 1896 857 1968 principio
910 1895 1178 1950 oriundos.
1252 1896 1446 1968 Itaque
1496 1895 1598 1948 tria
1647 1895 1857 1950 omnino
1897 1900 2068 1972 syste-

173 1993 324 2044 mata
355 2005 392 2043 a
424 1988 769 2061 philosophia
805 1988 1087 2044 Lockiana
1123 1987 1385 2060 originem
1420 1987 1651 2042 duxere:

434 2083 489 2152 a)
529 2082 929 2151 sensualismus,

431 2176 491 2244 b)
530 2175 864 2240 idealismus,

437 2270 488 2335 c)
529 2270 928 2343 scepticismus3

175 2381 400 2439 quorum
435 2365 582 2438 prior
618 2365 672 2418 in
698 2364 1077 2438 Francogallia
1115 2364 1436 2437 percrebuit,
1478 2364 1632 2419 alteri
1655 2364 1760 2419 duo
1790 2364 1844 2418 in
1866 2363 2070 2435 Anglia

175 2463 553 2534 provenerunt.

247 2572 250 2577 ’
347 2553 736 2627 Proponuntur
771 2554 940 2625 igitur
980 2553 1138 2607 nobis
1187 2552 1422 2607 breviter
1473 2551 1757 2606 tractanda
1792 2551 1927 2606 haec
1963 2551 2071 2605 tria

177 2652 503 2719 systemata,
541 2652 603 2702 ut
640 2648 810 2703 videri
848 2648 1033 2720 possit,
1075 2664 1340 2718 quaenam
1389 2646 1530 2700 inter
1562 2643 1977 2717 unumquodque
2014 2648 2070 2698 et

175 2742 573 2814 philosophiam
622 2740 956 2796 Kantianam
1012 2741 1214 2795 existat
1267 2739 1527 2794 connexio
1577 2742 1631 2792 et
1680 2736 2066 2810 propinquitas.

177 2895 243 2902 „-
252 2896 519 2904 -*.-.-—-.--.

290 2980 336 3035 1)
366 2979 433 3022 Ea
480 2993 622 3036 prava
677 2983 869 3022 naturae
920 2979 1146 3021 humanae
1190 2975 1504 3032 interpretatio
1549 2974 1764 3018 facillime
1804 2973 2067 3030 opinionem

173 3062 320 3116 potuit
348 3060 564 3114 excitare,
591 3059 821 3116 propriam
861 3062 907 3102 et
947 3058 1241 3114 praecipuam
1279 3056 1376 3099 eius
1412 3058 1591 3112 partem
1637 3067 1735 3098 esse
1780 3067 1960 3110 corpus,
1998 3055 2069 3097 vel

173 3140 309 3183 etiam
342 3141 599 3184 universam
630 3139 823 3184 hominis
856 3139 1098 3182 essentiam
1138 3137 1185 3179 in
1227 3150 1281 3179 eo
1326 3136 1589 3189 consistere,
1632 3135 1698 3177 ita
1738 3137 1787 3176 ut
1830 3133 2071 3189 perfectior

172 3222 349 3263 tantum
374 3219 524 3264 bestia
552 3218 821 3271 haberetur-3
852 3242 905 3249 —-
938 3230 1056 3274 qnae
1087 3215 1238 3272 opinio
1271 3215 1329 3258 ab
1361 3215 1460 3270 ipso
1494 3212 1666 3257 Loekio
1696 3212 1838 3256 inscio
1868 3212 2071 3257 indicata

173 3284 390 3357 imprimis
419 3299 467 3343 in
493 3299 828 3356 Francogallia,
858 3301 908 3341 ut
941 3297 1025 3340 sub
1059 3296 1142 3339 ΙΙΙ.
1176 3294 1445 3349 videbimus,
1474 3292 1867 3338 disseminabatur.

291 3379 342 3433 2)
373 3379 430 3423 cf.
463 3379 678 3423 Tennem.
709 3380 739 3422 l.
771 3392 807 3422 c.
839 3390 943 3435 pag.
975 3375 1048 3421 74.
