2248 3828
1081 233 1152 286 37

140 371 360 444 aliquod
389 373 539 428 reale
586 375 912 447 respondere
968 376 1176 431 ratione
1225 377 1463 431 humana
1515 374 1867 428 demonstrari
1913 394 2018 433 non

139 465 402 536 possit.“‘-
433 465 581 528 Quia
622 465 790 520 'etiam
840 485 1033 538 rerum,
1086 486 1219 540 quas
1264 469 1380 540 ipse
1419 484 1604 522 sensus
1653 467 1891 521 internus
1941 462 2019 521 di-

141 561 256 618 ctat
288 562 363 619 ,ut
410 577 566 614 veras
605 560 969 631 accipiendas,
1021 562 1249 616 veritate
1298 562 1355 614 in
1404 559 1566 615 dubio
1603 560 1803 632 posita,
1853 558 2019 632 ipsius

141 651 310 706 nostri
343 651 536 723 „Ego“
570 653 889 721 realitatem,
924 654 970 707 si
1008 654 1109 708 sibi
1145 657 1391 710 constare
1423 654 1615 731 vellet,
1670 670 1871 724 negare
1929 650 2019 709 de-

138 743 320 814 bebat,
359 744 557 815 quippe
597 762 757 815 quam
795 747 945 800 nulla
980 746 1440 801 demonstratione
1489 735 1800 802 confirmare
1838 760 2018 817 posse-

139 854 275 892 mus.
351 836 420 891 Id
455 841 637 890 tamen
675 854 768 891 ens
819 839 965 892 reale
1015 841 1300 910 pernegari
1350 841 1435 894 vel
1498 839 1614 893 tolli
1660 857 1756 910 per
1809 857 1866 892 se
1912 857 2019 893 non

138 932 337 1004 potest,
373 933 561 1002 utpote
599 931 918 985 necessitate
953 932 1249 987 subiectiva
1302 932 1614 986 stabilitum.
1690 933 1884 1003 Itaque
1934 950 2018 986 so-

136 1025 248 1078 lum
309 1022 531 1096 quodvis
603 1023 933 1079 individuum
991 1025 1232 1097 cogitans
1295 1030 1552 1097 tanquam
1607 1026 1754 1079 reale
1808 1025 2017 1093 restitit,

140 1117 294 1190 quasi
327 1115 563 1190 quodam
599 1117 714 1171 fato
768 1119 823 1171 in
870 1129 1050 1173 rerum
1095 1118 1444 1173 obscurarum
1498 1119 1899 1173 universitatem
1941 1121 2021 1173 in-

140 1214 355 1267 iectum.
442 1209 599 1274 Quod
655 1229 816 1282 quum
871 1212 1070 1266 nullius
1117 1217 1331 1283 praeter
1375 1230 1433 1266 se
1481 1212 1672 1266 obiecti
1721 1212 2021 1266 realitatem

138 1310 304 1379 atque
342 1303 714 1359 auctoritatem
752 1321 1046 1374 agnoscere
1083 1308 1344 1376 oporteat,
1384 1306 1627 1376 potentia
1680 1306 1824 1359 omni
1859 1305 2019 1360 modo

141 1399 389 1455 absoluta
426 1398 514 1452 vel
550 1398 731 1469 potius
770 1398 990 1452 licentia
1027 1398 1290 1452 effrenata
1340 1398 1648 1470 praeditum
1688 1398 2021 1453 individuum

137 1493 384 1565 cogitans
420 1509 491 1546 ex
522 1491 735 1545 entibus
775 1491 910 1546 fictis
948 1491 1061 1547 sive
1084 1491 1416 1562 imaginariis
1454 1492 1711 1546 mundum
1750 1491 2018 1564 quendam

148 1585 252 1641 sibi
289 1601 610 1656 componere
644 1589 825 1657 potest
862 1601 925 1639 ac
961 1584 1137 1640 debet.
1179 1617 1247 1624 --

313 1677 509 1751 Itaque
546 1679 603 1732 in
639 1683 857 1750 promtu
894 1682 1010 1747 est,
1059 1678 1455 1750 philosophiam
1510 1679 1648 1733 hanc
1696 1678 2025 1733 Kantianam

136 1783 347 1827 morum
395 1772 788 1844 corruptionem
851 1789 1144 1842 provocare
1190 1771 1426 1842 potuisse
1477 1789 1646 1843 aeque
1694 1771 2022 1843 pestiferam,

140 1869 304 1938 atque
345 1865 404 1920 in
439 1866 820 1936 Francogallia
858 1865 1240 1920 sensualismus
1261 1867 1638 1936 progenuerat‚
1679 1878 1841 1936 quum
1861 1865 2025 1920 cuivis

136 1958 419 2015 individuo·
445 1958 672 2013 nimiam
708 1957 765 2011 in
801 1956 1013 2027 agendo
1050 1957 1322 2011 licentiam
1371 1957 1719 2027 permitteret.
1794 1955 1917 2017 Qua
1953 1955 2022 2009 de

139 2071 304 2109 causa
337 2052 573 2125 Hegelio
612 2049 1011 2105 assentiendum
1048 2054 1298 2121 putamus
1334 2049 1546 2118 dicenti,
1597 2050 1787 2104 Kantii
1825 2048 2022 2102 doctri-

137 2165 266 2204 nam
305 2146 484 2202 eidem
519 2148 575 2200 in
610 2145 770 2199 rebus
809 2143 997 2198 ethicis
1034 2144 1218 2197 favere
1255 2144 1499 2198 absoluto
1536 2143 1843 2215 empirismo
1858 2183 1872 2212 ,
1931 2139 2024 2214 qui

138 2239 527 2313 εὖδαιμονάῐμῳ
566 2239 980 2311 exprobraretur
1005 2237 1062 2306 ¹).

308 2333 395 2388 Ne
431 2333 619 2401 multa,
661 2350 826 2404 quum
861 2330 1156 2385 theoretica
1190 2329 1377 2383 Kantii
1411 2328 1750 2401 philosophia
1787 2328 1874 2383 dei
1911 2329 2024 2384 exi-

138 2427 349 2495 stentis,
386 2426 650 2481 libertatis
680 2430 896 2480 nostrae
932 2424 1456 2495 immortalitatisque
1490 2423 1693 2495 pariter
1728 2424 1919 2494 ignara
1954 2424 2026 2477 sit

138 2524 301 2594 atque
337 2523 527 2575 auctor
561 2519 782 2574 nefandi
818 2519 942 2572 libri
980 2518 1071 2589 qui
1103 2518 1390 2588 inscriptus
1428 2520 1509 2571 est
1547 2517 1817 2588 „systeme
1855 2517 1924 2572 de
1968 2518 2023 2571 la

141 2615 397 2670 nature“:
444 2613 788 2668 manifestum
826 2617 925 2681 est,
965 2612 1030 2665 ea
1079 2629 1286 2665 morum
1334 2610 1702 2682 depravationi
1749 2611 1891 2666 viam
1926 2623 2024 2682 pa-

140 2708 314 2764 tefieri
350 2711 462 2762 tam
509 2708 678 2762 latam
697 2748 710 2775 ,
765 2723 925 2779 quam
964 2706 1020 2758 in
1065 2705 1442 2775 Franeogallia
1490 2705 1780 2776 empirismi
1837 2717 2023 2760 conse-

138 2802 440 2857 cutionibus
477 2801 740 2874 practicis.

309 2894 461 2957 Quae
507 2899 693 2949 tamen
739 2895 883 2948 mala
938 2911 968 2948 e
1029 2892 1371 2965 philosophia
1418 2890 1694 2945 Kantiana
1748 2890 2026 2945 celerrime

138 2987 368 3044 oriunda
402 2988 548 3061 quod
583 2989 641 3042 in
678 2992 865 3042 nostra
915 2988 1090 3059 patria
1138 2985 1285 3039 haud
1332 2986 1409 3039 ita
1457 2986 1566 3038 late
1613 2997 1927 3056 apparuere,
1967 2982 2022 3035 id

136 3082 379 3138 interiori
415 3082 530 3136 eius
565 3082 954 3154 propinquitati
992 3097 1113 3135 cnm
1170 3079 1512 3150 philosophia
1546 3078 2021 3150 Franoogallorum

137 3177 271 3231 nihil
308 3176 559 3245 detrahit,
611 3175 707 3229 sed
748 3175 964 3229 aliunde
1011 3171 1366 3245 repetendum
1414 3177 1511 3227 est.
1596 3172 1809 3225 Etenim
1858 3183 2021 3242 quum

140 3274 334 3326 nostra>
365 3271 514 3326 natio
552 3288 659 3325 non
711 3275 822 3323 tam
868 3286 1039 3340 prona
1093 3273 1236 3322 esset
1285 3283 1348 3320 ac
1392 3265 1522 3320 levis
1574 3265 1644 3319 ad
1701 3263 2023 3334 exigendam

314 3516 357 3586 l)
387 3514 547 3572 Hegel.
580 3515 610 3558 l.
643 3529 682 3560 c.
716 3530 820 3572 pag.
853 3516 930 3560 12.
