2248 3828
1059 184 1124 240 19

149 342 268 389 ram
307 343 342 379 a
376 326 582 382 Lockio
619 327 841 398 eiusque
878 327 1051 381 sociis.
1124 326 1433 381 Leibnitiuu>
1460 325 1665 391 statuit,
1698 325 1819 380 illas
1856 325 2038 396 cogni-

75 417 78 420 ’
151 419 328 481 tiones
364 419 815 483 animossumano
854 436 974 473 esse
1005 419 1235 474 innatas..
1278 420 1475 491 quippe
1511 419 1600 489 qui
1633 420 1709 472 ita
1747 424 1891 473 esset
1915 437 2038 473 con·

150 511 388 580 stitutus,
425 517 484 566 ut
514 512 614 566 nisi
647 512 939 566 secundum
975 512 1235 565 eiusmodi
1273 514 1421 582 leges
1455 530 1562 566 non
1602 512 1876 582 cogitaret,
1914 529 2035 565 cum

156 603 350 675 quibus
365 623 453 659 res
471 605 622 676 ipsae
642 622 750 658 non
773 622 1064 674 congruere
1084 622 1191 658 non
1213 609 1447 675 possent.
1505 604 1572 658 Id
1591 605 1849 658 Leibnitii
1869 605 2037 676 placi-

153 702 269 751 tum
286 695 415 768 quas
434 699 662 770 ineptias
678 702 1040 769 quantumque
1064 698 1441 751 detrimentum
1454 698 1824 769 philosophiae
1847 700 2040 752 confla-

157 790 312 859 verit,
349 793 621 862 cognitum
654 793 761 844 iam
791 792 1051 844 habemus
1083 809 1151 844 ex
1171 810 1312 845 num.
1334 792 1363 843 I
1398 823 1465 830 —
1490 791 1727 844 Lockius
1756 792 1893 846 alter
1918 809 2045 846 con-

162 883 354 952 uadit,
389 885 514 938 illas
550 885 897 954 cognotiones
934 885 1135 955 pariter
1172 888 1334 955 atque
1370 902 1799 956 unamquamque
1829 902 2046 956 reprae-

162 979 518 1032 sentationem
558 995 629 1030 ex
666 977 1000 1048 experientia
1027 978 1288 1046 originem
1313 977 1532 1046 habere,
1568 977 1862 1031 secundum
1897 979 2047 1048 leges

162 1074 278 1125 tum
313 1069 633 1125 inductionis
672 1074 787 1122 tum
826 1071 1121 1139 analogiae.
1197 1070 1263 1123 In
1301 1088 1406 1140 qua
1444 1071 1910 1140 argumentatione
1940 1088 2049 1124 non

167 1164 342 1218 solum
373 1164 517 1221 inest
551 1162 739 1234 petitio
778 1163 1042 1234 principii,
1082 1181 1242 1233 quum
1287 1180 1383 1215 eae
1431 1163 1579 1232 leges
1633 1164 1735 1216 nisi
1782 1165 2051 1235 suggestis

165 1256 376 1312 iudiciis
414 1256 689 1311 obiectivis
726 1274 834 1309 non
873 1260 1147 1323 constent,
1200 1255 1296 1308 sed
1345 1256 1508 1308 etiam
1556 1257 1704 1325 origo
1738 1257 2052 1310 fundamen-

168 1343 395 1422 tumque
418 1349 756 1420 scepticismi,
795 1354 1039 1421 utsupra
1061 1349 1158 1402 sub
1185 1349 1251 1402 V.
1277 1349 1634 1419 exposuimus,
1687 1349 1866 1410 Quare
1902 1349 2052 1404 Kan-

169 1444 276 1497 tius
324 1459 500 1514 neque
554 1442 911 1512 dogmatismo
964 1441 1238 1510 addictae,
1298 1458 1401 1512 quo
1439 1441 1573 1494 nihil
1620 1442 1838 1512 acquiri,
1883 1459 2055 1514 neque

169 1537 505 1608 empirismO,
566 1554 670 1606 quo
707 1535 840 1588 nihil
878 1535 1080 1606 sperari
1124 1538 1307 1605 posset
1333 1535 1399 1603 ¹),
1453 1534 1612 1587 aliam
1667 1536 1930 1589 rationem
1977 1535 2058 1588 in-

166 1621 343 1701 goedt
358 1630 596 1684 animum
631 1628 862 1697 induxit,
900 1646 1005 1698 qua
1043 1627 1138 1679 illa
1173 1631 1467 1698 systemata
1502 1645 1570 1679 ex
1614 1626 1871 1682 diametro
1908 1628 2057 1700 quasi

160 1723 273 1777 vsibit
312 1722 566 1794 opposita
612 1721 712 1774 sibi
771 1721 999 1775 invicem
1055 1720 1362 1773 conciliaret
1410 1737 1472 1774 ac
1518 1721 1852 1775 confusiones
1908 1725 2057 1776 tene·

167 1816 400 1885 litesque
462 1815 785 1883 dimoveret3
862 1814 1025 1867 talem
1093 1814 1294 1868 scilicet
1365 1814 1643 1883 rationem,
1727 1833 1833 1885 qua
1916 1815 2056 1869 inter

157 1912 455 1979 ‘utrimnque
513 1911 749 1978 systema
786 1906 964 1960 media
1000 1907 1094 1959 uni
1134 1906 1374 1960 demtum
1421 1908 1578 1959 alteri
1639 1907 1987 1977 subiungeret
2000 1909 2064 1977 2).

158 2001 386 2056 Etenim
420 1990 422 1993 ’
452 2005 514 2054 ut
563 2000 789 2054 uberius
859 1999 1210 2067 disseramuS,
1269 2003 1746 2067 intellectualis-mc,
1812 2001 1902 2073 qui
1949 2003 2066 2055 sola

162 2093 487 2166 ·apfioritate
525 2093 888 2163 cognitionum
929 2095 1135 2145 statuta
1193 2109 1405 2146 omnem
1459 2093 1779 2146 sensationis
1829 2094 1915 2148 vel
1943 2111 2059 2170 ⁴ex-

169 2187 465 2259 perientiae
501 2188 740 2240 valorem
780 2186 1002 2239 abstulit
1039 2189 1200 2255 atque
1236 2187 1412 2238 solum
1447 2186 1627 2256 ipsum
1675 2187 1912 2239 animum
1945 2190 2066 2240 tan-

174 2298 336 2354 quam
371 2279 736 2350 cognitionum
773 2279 980 2333 fontem
1017 2278 1223 2343 habuit,
1265 2282 1428 2331 animi
1466 2282 1526 2331 ut
1561 2280 1640 2331 ita
1676 2279 1850 2333 dicam
1877 2283 2063 2333 obiec-

167 2379 437 2429 vanitatem
470 2374 735 2428 abstraxit
771 2374 804 2426 i.
846 2391 891 2426 e.
929 2390 1051 2425 eam
1086 2372 1209 2440 vim,
1250 2390 1357 2442 qua
1391 2375 1607 2442 praeter
1643 2373 1867 2426 formam
1906 2373 2068 2427 etiam

182 2468 464 2523 materiam
484 2467 654 2522 omnis
682 2466 1002 2538 cognitionis
1027 2466 1083 2518 in
1116 2483 1172 2517 se
1197 2465 1506 2533 contineret,
1537 2470 1721 2519 contra
1757 2470 2068 2537 empirismO,

172 2561 387 2633 qui-ex
419 2578 528 2615 una
567 2561 901 2632 experientia
952 2559 1287 2630 cognitiones
1323 2576 1441 2612 esse
1491 2559 1812 2613 hauriendas
1863 2562 2069 2614 censuit

175 2656 374 2727 *itaque
405 2659 624 2726 praeter
661 2671 847 2708 earum
881 2652 1161 2706 materiam
1203 2652 1364 2705 etiam
1412 2652 1639 2706 formam
1685 2653 1811 2708 inde
1861 2655 2068 2724 sumsit,

180 2763 331 2822 quae?
356 2748 548 2803 ambae
584 2749 643 2802 in
680 2748 859 2802 animo
897 2751 1155 2818 tanquam
1190 2746 1246 2798 in
1296 2745 1513 2815 speculo
1549 2745 1911 2816 refulgerent,
1965 2766 2066 2801 ex-

175 2847 477 2913 perientiae
514 2845 960 2896 subiectivitacem
994 2841 1027 2894 i.
1070 2857 1116 2892 e.
1150 2839 1259 2892 vim
1298 2838 1638 2892 formativam
1675 2839 1884 2894 demsit.
1956 2839 2068 2893 Ita-

181 2952 286 3008 que
322 2935 392 2989 ab
424 2934 894 2990 intellectualismo
930 2932 1381 2987 subiectivitatem
1419 2932 1599 2999 animi,
1652 2932 1720 2985 ab
1759 2932 2064 3004 empirismo

171 3029 600 3085 ·obiectivitatem
649 3033 876 3082 naturae
925 3026 1145 3081 retinuit
1198 3024 1432 3079 Kantius
1447 3067 1460 3093 ,
1523 3026 1718 3097 quibus
1766 3026 2068 3081 coniunctis

183 3122 287 3178 hoc
324 3121 527 3194 duplex
565 3122 680 3177 eius
719 3122 935 3176 axioma
968 3123 1144 3173 ortum
1182 3123 1264 3172 est
1283 3119 1360 3187 3):

300 3242 310 3263 Ι
343 3267 401 3329 1)
433 3268 491 3312 cf.
519 3267 688 3312 Kant.:
724 3266 1112 3323 „Prolegomena“
1145 3268 1230 3308 etc.
1261 3278 1365 3322 pag.
1397 3230 1469 3310 38}

356 3332 404 3395 2)
435 3339 613 3384 Ibidem
643 3353 746 3396 pag.
781 3338 879 3384 180.

357 3413 404 3468 3)
435 3412 572 3456 Kant.
603 3412 782 3469 „Kritik
805 3411 886 3455 der
915 3412 1070 3455 reinen
1096 3410 1365 3465 Vernunft“,
1383 3422 1486 3466 pag.
1504 3408 1699 3465 33-353
1731 3421 1837 3466 pag,
1881 3404 2069 3462 74-75,

184 3483 403 3532 326-27.
1751 3482 1753 3485 ’
1803 3501 1805 3511 ⁴
