2248 3828
1068 197 1135 249 39

161 349 287 405 tatis
326 350 727 407 circumscribit.
798 352 906 411 Pro
945 353 1222 424 utriusque
1271 353 1484 424 generis
1532 354 1836 408 notionibus
1890 354 2046 408 intel-

164 443 340 498 lectus
380 462 416 498 a
450 439 1006 517 prioffcoghosoendi
1042 446 1192 518 leges
1231 446 1524 516 constituit,
1566 479 1626 486 —
1678 446 1820 501 unde
1875 447 2045 518 philo-

160 537 405 609 sophiam
436 537 492 592 in
527 538 870 593 theoreticam
907 543 961 593 et
985 539 1280 611 practicam
1306 539 1591 595 dividimus
1620 571 1683 579 -·
1713 539 1789 594 ita
1810 539 2042 611 quidem,

159 634 221 686 ut
278 631 517 703 priorum
580 630 857 686 notionum
920 631 991 686 ad
1047 631 1456 703 intelligendum
1514 636 1841 687 momentum
1893 650 2044 687 mens

158 724 452 781 theoretice
489 724 767 794 adhibeat,
802 725 1019 781 notione
1055 744 1182 780 vero
1220 726 1486 781 libertatis
1525 727 1663 780 ratio
1713 726 1784 780 ad
1845 743 2039 796 cogno-

159 817 416 874 scendum
440 822 625 874 utatur
649 818 884 890 practice
901 819 959 888 1).
1030 819 1194 876 Ratio
1230 820 1413 891 igitur,
1454 837 1592 892 quae
1630 819 1922 875 theoretice
1964 819 2043 873 ni-

161 911 240 966 hil
277 912 494 967 omnino
544 911 759 976 valeat,
817 913 1081 967 voluntati
1136 913 1289 984 quasi
1344 912 1562 968 domina
1609 913 1837 984 imperat
1887 912 2044 984 eique

159 1005 421 1078 principia
457 1006 721 1078 praecipit
757 1006 1008 1077 practica,
1048 1005 1117 1060 ad
1157 1023 1382 1079 quorum
1419 1024 1659 1060 normam
1720 1007 1831 1060 vita
1885 1005 2043 1075 dirigi

164 1115 455 1172 omnesque
499 1099 742 1153 actiones
797 1098 1004 1153 institui
1057 1098 1303 1154 debeant.
1378 1099 1571 1171 Itaque
1621 1117 1884 1153 summum
1940 1098 2047 1151 for-

159 1192 302 1248 male
332 1191 655 1265 principium
688 1192 1023 1263 aprioficum,
1078 1209 1182 1263 quo
1219 1192 1520 1247 necessario
1558 1192 1806 1247 voluntas
1845 1190 2043 1261 diriga-

162 1289 265 1357 tur,
301 1285 380 1340 sic
417 1285 623 1357 concipi
660 1289 867 1357 potest:
910 1334 934 1354 ,ἃ

400 1379 537 1433 Eam
573 1379 817 1450 regulam
854 1378 910 1432 in
948 1378 1159 1449 agendo
1198 1377 1527 1451 sequendam
1563 1395 1708 1448 esse,
1757 1395 1895 1450 quae
1932 1396 2043 1433 om-

298 1472 459 1526 nibus
497 1472 733 1544 praecipi
770 1472 954 1542 itaque
990 1475 1248 1543 tanquam
1282 1488 1472 1526 norma
1496 1470 1811 1526 universalis
1837 1471 1891 1525 in
1920 1489 2042 1526 con-

306 1565 591 1621 stituendis
626 1566 838 1637 legibus
875 1565 1064 1619 haberi
1101 1565 1286 1636 possit.

401 1659 554 1714 Haec
584 1677 792 1713 summa
827 1659 937 1727 lex,
977 1659 1130 1731 quasi
1165 1657 1277 1713 dux
1313 1658 1457 1714 vitae
1510 1662 1564 1712 et
1602 1658 1895 1713 officiorum
1931 1675 2043 1712 ma-

159 1754 352 1824 gistra,
397 1752 510 1807 sive
548 1753 634 1807 hic
672 1752 1021 1824 imperativus
1056 1752 1399 1823 kategoricus
1435 1751 1700 1823 postulat:

340 1851 393 1911 1)
430 1862 527 1918 per
563 1863 621 1899 se
663 1845 1062 1900 voluntatis
1099 1845 1532 1914 libertatem,
1571 1844 1819 1916 quoniam
1843 1844 1937 1898 illa
1961 1862 2047 1898 ra-

162 1938 325 1994 tionis
360 1942 557 1994 natura
590 1940 827 2011 practica
861 1943 916 1994 et
965 1939 1194 1993 liberum
1248 1938 1529 1993 arbitrium
1566 1941 1753 2010 utpote
1801 1936 2044 1993 notiones

159 2032 464 2104 reciprocae
501 2033 603 2087 sibi
636 2034 864 2087 invicem
896 2032 1237 2105 respondent.

312 2125 401 2180 Ita
438 2143 602 2197 quum
628 2126 864 2180 Kantius
903 2125 1099 2180 rationi
1134 2125 1368 2198 aliquam
1402 2125 1509 2180 vim
1528 2124 1817 2196 practicam
1837 2124 2047 2178 tribuis-

165 2220 267 2285 set,
303 2217 427 2274 fieri
471 2235 582 2272 non
629 2222 861 2290 poterat,
916 2218 1043 2290 quin
1079 2218 1398 2291 principium
1447 2218 1668 2271 rationis
1717 2216 2049 2283 sufficientis,

160 2311 306 2384 quod
340 2311 493 2384 prius
533 2311 884 2367 subiectivam
921 2311 1148 2383 ideoque
1185 2310 1476 2365 invalidam
1512 2311 1687 2382 legem
1723 2310 1916 2364 mentis
1952 2310 2047 2362 ha-

158 2404 366 2460 buisset
408 2408 569 2477 atque
618 2404 687 2458 ad
734 2405 990 2460 veritates
1041 2403 1430 2460 confirmandas
1478 2402 1842 2474 repudiasset,
1896 2420 2048 2456 revo-

162 2501 310 2555 caret
345 2498 417 2553 ad
451 2516 609 2553 usum
647 2499 958 2570 practicum.
1031 2497 1196 2552 Cuius
1231 2496 1478 2568 principii
1526 2513 1628 2567 ope
1664 2500 1778 2550 tum
1826 2513 1859 2550 a
1894 2496 2049 2550 reali-

165 2596 279 2649 tate
314 2591 472 2647 liberi
526 2592 734 2646 arbitrii
783 2591 854 2646 ad
886 2591 1123 2663 reliquas
1161 2591 1418 2646 veritates
1456 2589 1784 2644 necessarias
1822 2607 2048 2661 pergere

166 2689 390 2744 conatur
424 2686 527 2741 hoc
565 2685 753 2741 modo:

337 2779 516 2842 Quum
550 2779 721 2835 libera
753 2782 938 2834 nostra
988 2779 1237 2834 voluntas
1274 2777 1331 2831 id
1365 2780 1608 2849 spectare
1632 2775 1841 2846 debeat,
1878 2781 1937 2831 ut
1975 2776 2050 2830 illi

161 2873 482 2946 imperativo
528 2873 845 2946 kategorico
897 2872 1275 2927 convenienter
1312 2875 1442 2942 agat
1475 2871 1510 2924 i.
1551 2887 1593 2923 e.
1631 2887 1726 2941 pro
1765 2870 1880 2924 sola
1911 2870 2050 2924 illius

161 2967 298 3040 legis
334 2967 676 3023 observantia
711 2966 1137 3037 reverentiaque,
1168 2967 1223 3017 et
1259 2981 1421 3035 quum
1458 2962 1625 3018 virtus
1660 2963 1738 3018 ita
1774 2963 2052 3035 probanda

162 3064 223 3115 ut
258 3078 525 3116 summum
560 3060 759 3115 bonum
799 3059 942 3113 omni
993 3058 1176 3112 labore
1222 3056 1643 3128 assiduitateque
1692 3056 1843 3111 nobis
1885 3074 2049 3128 appe-

162 3153 330 3209 tenda
365 3152 451 3219 sit,
491 3153 630 3208 ratio
668 3152 904 3224 practica
941 3169 1102 3222 porro
1139 3149 1385 3222 requirit:

309 3284 312 3285 ν
344 3247 399 3316 2)
439 3255 489 3300 et
523 3249 969 3300 immortalitatem
1006 3247 1183 3314 animi,
1223 3243 1475 3315 quoniam
1511 3243 1567 3298 in
1603 3243 1704 3298 hac
1742 3243 1852 3297 vita
1888 3243 2048 3315 plena

339 3477 382 3531 1)
413 3476 500 3520 vid.
534 3476 657 3520 Kant
702 3476 846 3531 „Krit.
879 3476 921 3519 d.
954 3475 1329 3530 Urtheilskraft“,
1360 3475 1622 3531 Einleitung
1652 3486 1755 3531 pag.
1780 3471 1928 3517 XVII.
