2248 3828
1094 156 1125 205 8

337 484 686 555 Philosophia
726 482 1004 537 Lockiana
1042 487 1249 539 tantam
1283 485 1433 555 apud
1473 487 1862 556 Francogallos
1895 488 2046 543 brevi

162 581 406 648 tempore
453 580 739 631 censecuta
781 579 865 629 est
901 577 1293 646 auctoritatem,
1344 582 1404 631 ut
1441 580 1527 633 vel
1565 580 1632 632 ab
1670 579 1853 633 infima
1890 581 2046 651 plebe

154 669 498 741 reciperetur,
536 669 687 723 nulla
724 668 1061 723 fundamenti
1099 670 1287 724 habita
1324 672 1560 741 ratione,
1612 676 1671 726 ut
1708 673 1851 727 vitae
1887 674 2039 727 insti-

158 762 392 817 tuendae
412 766 670 833 tanquam
690 758 886 816 'norma
919 762 1225 832 haberetur,
1246 764 1491 818 omnibus
1519 784 1677 837 quam
1701 766 2039 836 cupidissime

153 855 317 910 erutis
354 855 836 910 consecutionibus.
924 856 1105 918 Quare
1156 861 1216 910 ut
1264 863 1447 914 rectae
1496 859 1929 931 philosophandi
1950 879 2039 914 ra-

161 948 295 1003 tioni
329 949 466 1003 bene
504 949 860 1018 consulerent,
899 953 1113 1003 tantum
1147 950 1336 1019 abfuit,
1375 956 1436 1005 ut
1463 952 1530 1006 de
1567 953 1727 1008 rebus
1763 954 2042 1025 metaphy÷

151 1041 274 1096 sicis
307 1042 607 1096 sententias
628 1042 808 1096 futiles
836 1043 1198 1098 coniectarent
1218 1047 1379 1116 atque
1399 1046 1454 1099 in
1476 1046 1601 1100 solis
1623 1047 1783 1101 rebus
1804 1049 2042 1102 externis

150 1135 386 1190 animum
410 1135 723 1206 defigerent.
763 1136 872 1190 Gur
895 1135 951 1190 id
981 1136 1238 1191 miremur
1250 1155 1358 1193 non
1379 1139 1638 1195 habemus
1666 1141 1943 1196 nobiscum
1963 1152 2046 1197 ne-

147 1232 398 1300 puta-ntes
417 1237 674 1300 magnam
696 1229 909 1283 illorum
936 1230 1234 1295 levitatem,
1272 1231 1463 1303 quibus
1490 1234 1827 1305 empirismus
1863 1234 2046 1307 disvin

149 1339 268 1376 cere
291 1323 449 1377 1111110
485 1322 646 1376 1110ᾱο
684 1326 879 1394 posset.
939 1322 1083 1385 Quin
1104 1324 1280 1380 etiam
1302 1325 1601 1380 Lockii-de
1638 1327 1755 1381 deo-
1779 1329 2046 1384 existente

148 1415 658 1471 demonstrationem
720 1421 909 1488 utpote
973 1418 1251 1490 principiis
1318 1425 1714 1490 repugnantem
1771 1421 2043 1493 improba*

146 1509 278 1564 bant
296 1509 365 1579 Ι);
415 1510 669 1582 opinione
722 1515 941 1578 contra,
998 1509 1159 1565 deum
1197 1512 1360 1566 etiam
1413 1513 1723 1584 corporibus
1746 1515 2044 1584 ‚cogitandi

150 1603 463 1657 facultatem
501 1603 630 1657 dare
667 1621 843 1675 posse,
883 1605 1121 1660 studiose
1159 1611 1382 1678 accepta
1402 1647 1416 1675 ,
1455 1608 1565 1661 iam
1601 1607 1736 1662 nihil
1772 1609 2042 1681 antiquius

148 1696 425 1752 habebant
475 1689 637 1769 quafn
675 1702 734 1752 ut
773 1699 944 1752 ullum
981 1699 1218 1754 animum
1268 1701 1407 1754 inter
1446 1705 1500 1755 et
1537 1719 1730 1773 corpus
1771 1710 1890 1757 esse
1935 1702 2041 1756 dis-

145 1789 346 1844 crimen
370 1791 661 1850 essentiae·
681 1796 992 1846 constanter
1025 1799 1291 1864 negarent
1318 1825 1333 1862 ,-
1373 1794 1536 1848 animi
1579 1795 2041 1864 immortalitatem

146 1901 387 1939 errorem·
418 1885 693 1940 involvere
742 1890 1022 1956 putarent,
1075 1886 1344 1942 hominem
1400 1895 1733 1960 quamquam
1765 1888 2040 1944 dominum

143 1985 320 2033 terrae
372 1982 576 2033 tamen
603 1979 795 2034 eadem
834 1999 954 2035 cum
1005 1981 1223 2035 bestiis
1234 1964 1434 2036 natura
1463 1999 1593 2037 esse
1627 1982 1931 2053 praeditum
1966 1988 2040 2052 et,

140 2072 242 2125 nisi
291 2072 580 2144 perfectior
630 2073 865 2144 quodam
901 2073 1060 2129 modo
1111 2078 1270 2144 esset,
1299 2076 1471 2130 nulla
1507 2094 1639 2180 prae
1689 2076 1754 2132 iis
1800 2077 2038 2147 gaudere

140 2166 475 2236 praestantia
513 2167 888 2220 existimarent
904 2168 966 2236 2).

319 2259 503 2314 Solum
555 2260 719 2332 igitur
758 2261 1017 2315 mundum
1057 2263 1302 2316 sensibus
1357 2263 1683 2319 subiectum
1713 2265 1947 2319 existere
1983 2266 2039 2317 et

138 2354 341 2408 fontem
377 2354 614 2408 omnium
653 2355 1019 2425 cognitionum
1065 2373 1184 2411 esse
1222 2356 1572 2412 affirmabant
1611 2361 1666 2412 et
1704 2375 1842 2430 quae
1877 2361 2040 2414 natu-

140 2467 255 2501 ram
295 2447 766 2519 transgrediuntur
801 2448 1057 2503 veritates
1097 2481 1163 2488 —
1203 2450 1527 2521 libertatem,
1572 2451 2037 2507 immortalitatem

137 2549 205 2581 -’-
245 2546 339 2597 aut
376 2550 596 2614 prorsus
634 2542 912 2613 negabant
952 2546 1047 2597 aut
1083 2561 1282 2599 vanam
1319 2549 1531 2599 tant-um
1569 2562 1754 2600 earum
1791 2546 2036 2600 umbram

137 2635 471 2706 retinebant3
523 2655 586 2691 ac
634 2637 732 2691 tali
779 2636 941 2691 modo
995 2655 1152 2692 omne
1188 2638 1487 2693 honestatis
1532 2639 1945 2695 fundamentum
1982 2644 2039 2695 et

253 2890 303 2943 1)
333 2890 492 2934 Lockii
523 2893 579 2936 de
609 2893 693 2936 deo
736 2894 960 2938 existente
1004 2877 1442 2951 argumentationem
1475 2896 1612 2939 etiam
1655 2895 1850 2941 Kantius
1881 2911 2035 2955 repro-

140 2968 221 3012 bat
249 2968 297 3012 in
327 2983 410 3013 suo
441 2974 578 3026 opere
611 2972 790 3026 „Kritik
821 2973 902 3016 der
932 2974 1087 3018 reinen
1120 2975 1373 3018 Vernunft“
1404 2988 1510 3032 pag.
1543 2976 1656 3029 8803
1688 2979 1811 3019 reete
1839 2976 2035 3032 quidem,

135 3048 347 3103 queniam
377 3050 515 3093 menti
546 3051 640 3094 sive
662 3051 871 3096 facultati
903 3054 1158 3097 reflexionis
1178 3055 1457 3098 sensibilium
1479 3058 1659 3098 'tantum
1676 3069 1864 3111 campus
1886 3069 2035 3099 rerum

135 3127 341 3171 subiacet
373 3128 711 3184 discurrendus‚
744 3146 892 3189 neque
921 3147 1028 3177 vero
1060 3134 1196 3177 etiam
1227 3148 1378 3178 rerum
1407 3136 1834 3192 metaphysicarum.

249 3207 296 3262 2)
326 3208 475 3252 Altius
506 3224 652 3254 vanae
684 3225 766 3255 eae
798 3213 1034 3269 opiniones
1066 3214 1342 3270 repetendae
1384 3218 1490 3258 sunt
1539 3229 1567 3257 a
1612 3216 1832 3272 principio
1879 3216 2037 3260 Lockii

138 3286 480 3344 fundamentali,
513 3282 759 3334 secundum
791 3293 912 3350 quod
944 3295 1122 3337 animus
1151 3295 1198 3337 in
1231 3296 1546 3352 cognoscendo
1578 3310 1606 3339 a
1636 3297 1895 3341 sensatione
1925 3311 2036 3354 pen-

137 3365 258 3422 deat,
285 3367 438 3424 itaque
468 3370 687 3426 peculiari
717 3385 799 3415 sua
831 3373 875 3415 vi
904 3374 1108 3429 privatus
1138 3375 1284 3419 solum
1315 3379 1532 3419 sensuum
1574 3377 1804 3433 quoddam
1837 3377 2033 3421 -addita-

135 3448 335 3489 mentum
366 3448 489 3491 haud
519 3450 583 3492 ita
613 3451 763 3507 magni
797 3453 1010 3495 momenti
1042 3454 1236 3498 evadere
1267 3455 1491 3499 videatur.
