2248 3828
1032 194 1100 247 43

110 333 223 388 -vel
251 335 564 408 recipienda
607 339 663 392 et
700 336 898 393 veritas
935 340 1155 391 aeterna
1192 335 1335 391 idem
1371 336 1487 392 fere
1530 335 1845 410 principium
1900 337 2005 392 for-

121 426 264 484 male
298 427 672 502 philosophiae
707 430 925 485 moralis
966 431 1050 485 vel
1089 430 1357 501 practicae
1395 430 1710 503 significent.

1002 611 1125 652 XX·

295 706 439 763 Sane
475 707 577 764 hoc
634 725 765 780 prae
821 710 1012 766 ceteris
1061 709 1430 781 Francogallis
1465 708 1725 764 Kantium
1773 711 2000 780 praesti-

118 797 249 853 tisse
283 815 395 855 non
429 817 709 872 negamus,
747 804 809 855 ut
841 801 1077 856 interiori
1128 802 1487 858 conscientiae
1548 805 1741 856 natura
1793 806 1848 855 et
1901 803 1998 858 ho-

117 891 277 947 minis
315 892 565 948 libertate
601 897 815 948 retenta
854 897 1145 961 statueret,
1199 914 1323 950 suas
1361 897 1551 968 cuique
1592 895 1829 950 actiones
1880 912 1997 950 esse

24 1011 30 1014 ⁶
102 984 490 1058 *imputandam
539 1004 704 1060 quum
752 987 832 1040 illi
890 987 1059 1042 libero
1115 988 1333 1043 arbitrio
1390 1006 1607 1061 prorsus
1671 988 1878 1042 abiecto
1941 992 1997 1042 in

34 1097 39 1102 ·
119 1078 218 1134 fati
255 1079 532 1134 cuiusdam
569 1080 883 1135 servitutem
910 1098 1008 1136 nos
1043 1081 1400 1152 abripuissent
1434 1082 1815 1154 libidinumque
1836 1081 1996 1134 licen-

121 1171 253 1227 tiam
290 1174 607 1228 effrenatam
657 1174 981 1228 sanxissent.
1044 1205 1110 1212 —
1161 1173 1238 1228 At
1284 1175 1393 1229 iam
1440 1174 1736 1229 Russavius
1790 1177 1850 1228 ut
1896 1175 1994 1227 has

113 1267 426 1338 aequalium*
450 1284 670 1321 suorum
707 1267 982 1339 opiniones
1008 1285 1203 1339 pravas
1260 1270 1314 1321 et
1360 1267 1682 1338 perniciosas
1720 1267 1994 1321 cohiberet

118 1377 373 1432 magnam
410 1377 631 1432 operam
670 1360 820 1415 dedit
839 1361 895 1430 ¹),
932 1361 1053 1433 pari
1088 1361 1302 1433 quidem
1337 1361 1497 1415 modo
1535 1378 1599 1414 ac
1633 1364 1821 1431 postea
1845 1359 1993 1413 Kan-

114 1454 236 1510 tius.
276 1485 343 1495 -
381 1453 526 1508 Nam
560 1453 932 1527 philosophiae
955 1454 1264 1510 Lockianae
1289 1454 1561 1526 principiis
1586 1454 1788 1508 innisus
1830 1473 1991 1526 quum

108 1564 310 1619 negare
359 1546 609 1617 deberet,
664 1547 781 1614 dei,
831 1547 1096 1602 libertatis
1154 1548 1422 1601 humanae
1470 1548 1991 1618 immortalitatisque

110 1640 475 1712 cognitionem
536 1641 967 1713 philosophicam
1015 1641 1217 1713 acquiri
1270 1659 1458 1713 posse:
1508 1641 1614 1695 alia
1660 1641 1749 1696 via
1803 1657 1991 1710 parum

106 1734 480 1807 philosophica
514 1734 612 1789 has
649 1735 902 1790 veritates
939 1736 1253 1790 confirmare
1291 1734 1558 1805 studebat,
1596 1734 1796 1789 scilicet
1849 1751 1990 1787 asse-

106 1828 292 1898 rendo,
333 1846 492 1883 sensu
531 1827 766 1900 quodam
803 1829 994 1883 morali
1030 1829 1245 1900 penitus
1281 1828 1592 1884 inhaerente
1629 1846 1726 1882 nos
1765 1827 1834 1882 ad
1870 1828 1991 1881 illas

106 1921 496 1995 amplexandas
537 1923 876 1978 commoveri.
1392 1921 1395 1924 ’

251 2016 454 2078 =Huius
492 2033 680 2071 sensus
719 2017 766 2071 si
801 2017 1074 2088 explicare
1126 2016 1369 2072 volumus
1420 2033 1560 2088 quae
1604 2016 1673 2070 sit
1708 2013 1990 2088 peculiaris

105 2109 205 2180 vie,
244 2109 528 2165 dicendum
566 2110 723 2164 nobis
762 2115 861 2180 est,
900 2128 1022 2165 eum
1070 2110 1214 2165 idem
1259 2110 1559 2182 significare
1609 2109 1752 2181 apud
1788 2108 1989 2162 Russa-

103 2201 267 2273 vium,
328 2203 472 2275 quod
545 2203 691 2276 apud
748 2203 1009 2258 Kantium
1062 2204 1285 2258 rationis
1361 2203 1629 2276 practicae
1692 2202 1988 2274 imperium,

20 2304 22 2306 ’
99 2313 319 2368 nempe:
359 2297 717 2352 conscientiae
756 2297 1039 2355 dictamen.
1116 2298 1272 2362 Quod
1321 2298 1535 2369 quidem
1579 2297 1845 2351 dictamen
1904 2311 1988 2348 se-

101 2394 255 2444 cutus
290 2391 384 2444 ille
419 2391 574 2445 firma
606 2390 712 2445 fide
749 2409 840 2446 eas
890 2393 1143 2447 veritates
1195 2396 1503 2464 recuperat,
1556 2408 1692 2462 quae
1739 2395 1800 2444 ut
1837 2390 1987 2444 firme

98 2482 384 2538 credantur
421 2487 475 2539 et
511 2489 812 2554 tencantur,
850 2486 1038 2540 Kantii
1074 2487 1212 2541 ratio
1249 2486 1482 2557 practica
1513 2484 1764 2556 postulat.

265 2577 503 2632 Primam
538 2578 702 2649 igitur
728 2579 1010 2635 veritatem
1047 2578 1369 2635 credendam
1404 2577 1496 2631 ille
1531 2576 1786 2647 proponit
1838 2576 1987 2631 hisce

97 2672 409 2743 expressam
425 2673 500 2742 2):

341 2766 440 2836 „Ie
486 2769 623 2823 crois
675 2767 812 2823 donc
861 2768 947 2839 qu’
997 2785 1103 2822 une
1157 2766 1372 2822 volonte
1422 2767 1576 2820 'meut
1630 2764 1880 2819 l'univers
1931 2768 1987 2818 et

238 2859 418 2915 anime
465 2861 520 2915 la
568 2864 789 2931 nature3
845 2861 989 2915 voila
1038 2878 1162 2915 mon
1209 2859 1439 2932 premier
1494 2859 1689 2931 dogme
1745 2877 1813 2914 ou
1847 2875 1975 2912 mon

236 2954 470 3023 premier
507 2956 695 3010 article
734 2954 801 3008 de
840 2955 965 3008 foi.“

335 3046 434 3101 Cui
468 3047 621 3102 addit
659 3049 886 3102 alteram
920 3047 1058 3102 hanc
1071 3048 1140 3116 3):

104 3183 280 3190 ——.

269 3254 315 3309 1)
348 3254 409 3316 cf,
439 3255 572 3300 Rixn.
603 3258 630 3298 l.
664 3271 700 3303 c.
738 3259 760 3309 ἓ
791 3258 892 3304 102.

263 3331 310 3389 2)
340 3334 430 3377 vid.
468 3335 701 3391 „Oeuvres
732 3337 789 3381 de
819 3338 853 3380 I.
885 3339 922 3383 Ι.
955 3338 1192 3382 Rousseau
1226 3363 1277 3367 ——
1308 3337 1336 3381 a
1368 3338 1596 3382 Amsterd.
1629 3338 1740 3382 1762
1762 3340 1843 3371 -“’
1876 3340 1979 3384 tom.

90 3411 223 3458 vm.
259 3426 364 3470 pag.
395 3414 469 3460 30.

267 3490 316 3549 3)
347 3492 455 3537 ibid.
484 3494 513 3536 l.
546 3508 583 3539 c.
614 3508 718 3553 pag.
752 3495 937 3541 33—34.
