<?xml version="1.0" encoding="UTF-8"?>
<!DOCTYPE html PUBLIC "-//W3C//DTD XHTML 1.0 Transitional//EN"
    "http://www.w3.org/TR/xhtml1/DTD/xhtml1-transitional.dtd">
<html xmlns="http://www.w3.org/1999/xhtml" xml:lang="en" lang="en">
 <head>
  <title>
</title>
<meta http-equiv="Content-Type" content="text/html;charset=utf-8" />
  <meta name='ocr-system' content='tesseract 3.04.00' />
  <meta name='ocr-capabilities' content='ocr_page ocr_carea ocr_par ocr_line ocrx_word'/>
</head>
<body>
  <div class='ocr_page' id='page_1' title='image "./philosophiaekant00bach_0039.png"; bbox 0 0 2248 3828; ppageno 0'>
   <div class='ocr_carea' id='block_1_1' title="bbox 1061 224 1129 278">
    <p class='ocr_par' dir='ltr' id='par_1_1' title="bbox 1061 224 1129 278">
     <span class='ocr_line' id='line_1_1' title="bbox 1061 224 1129 278; baseline -0.029 0"><span class='ocrx_word' id='word_1_1' title='bbox 1061 224 1129 278; x_wconf 84' lang='lat'>33</span> 
     </span>
    </p>
   </div>
   <div class='ocr_carea' id='block_1_2' title="bbox 138 356 2027 884">
    <p class='ocr_par' dir='ltr' id='par_1_2' title="bbox 138 356 2027 884">
     <span class='ocr_line' id='line_1_2' title="bbox 144 356 2023 436; baseline 0 -20"><span class='ocrx_word' id='word_1_2' title='bbox 144 356 333 431; x_wconf 67' lang='lat' dir='ltr'>tivam,</span> <span class='ocrx_word' id='word_1_3' title='bbox 370 360 438 416; x_wconf 90' lang='lat' dir='ltr'>de</span> <span class='ocrx_word' id='word_1_4' title='bbox 481 380 587 436; x_wconf 91' lang='lat' dir='ltr'>qua</span> <span class='ocrx_word' id='word_1_5' title='bbox 617 362 871 431; x_wconf 60' lang='lat' dir='ltr'>Humiusv</span> <span class='ocrx_word' id='word_1_6' title='bbox 891 364 1257 435; x_wconf 88' lang='lat' dir='ltr'>quaestionem</span> <span class='ocrx_word' id='word_1_7' title='bbox 1296 380 1358 417; x_wconf 89' lang='lat' dir='ltr'>ac</span> <span class='ocrx_word' id='word_1_8' title='bbox 1414 361 1801 415; x_wconf 76' lang='lat' dir='ltr'>dubitationem</span> <span class='ocrx_word' id='word_1_9' title='bbox 1835 362 2023 428; x_wconf 86' lang='lat' dir='ltr'>movit,</span> 
     </span>
     <span class='ocr_line' id='line_1_3' title="bbox 138 448 2025 529; baseline -0.001 -18"><span class='ocrx_word' id='word_1_10' title='bbox 138 448 486 529; x_wconf 73' lang='lat' dir='ltr'><strong>nequaquam</strong></span> <span class='ocrx_word' id='word_1_11' title='bbox 525 457 827 521; x_wconf 83' lang='lat' dir='ltr'>confirmari</span> <span class='ocrx_word' id='word_1_12' title='bbox 877 457 1057 529; x_wconf 84' lang='lat' dir='ltr'>possit.</span> <span class='ocrx_word' id='word_1_13' title='bbox 1131 457 1325 527; x_wconf 89' lang='lat' dir='ltr'>Itaque</span> <span class='ocrx_word' id='word_1_14' title='bbox 1362 455 1622 523; x_wconf 88' lang='lat' dir='ltr'>Kantium</span> <span class='ocrx_word' id='word_1_15' title='bbox 1658 454 2025 526; x_wconf 80' lang='lat' dir='ltr'>philosophiae</span> 
     </span>
     <span class='ocr_line' id='line_1_4' title="bbox 148 547 2026 620; baseline -0.003 -14"><span class='ocrx_word' id='word_1_16' title='bbox 148 565 280 620; x_wconf 71' lang='lat' dir='ltr'>suae</span> <span class='ocrx_word' id='word_1_17' title='bbox 315 549 543 608; x_wconf 76' lang='lat' dir='ltr'>formale</span> <span class='ocrx_word' id='word_1_18' title='bbox 582 554 809 618; x_wconf 82' lang='lat' dir='ltr'>tantum,</span> <span class='ocrx_word' id='word_1_19' title='bbox 847 567 955 602; x_wconf 95' lang='lat' dir='ltr'>non</span> <span class='ocrx_word' id='word_1_20' title='bbox 992 567 1118 604; x_wconf 88' lang='lat' dir='ltr'>vero</span> <span class='ocrx_word' id='word_1_21' title='bbox 1157 549 1433 619; x_wconf 87' lang='lat' dir='ltr'>materiale</span> <span class='ocrx_word' id='word_1_22' title='bbox 1471 547 1847 601; x_wconf 85' lang='lat' dir='ltr'>detrimentum</span> <span class='ocrx_word' id='word_1_23' title='bbox 1885 565 2026 601; x_wconf 93' lang='lat' dir='ltr'>com-</span> 
     </span>
     <span class='ocr_line' id='line_1_5' title="bbox 145 640 2027 719; baseline -0.001 -24"><span class='ocrx_word' id='word_1_24' title='bbox 145 659 369 719; x_wconf 76' lang='lat' dir='ltr'>parasse</span> <span class='ocrx_word' id='word_1_25' title='bbox 406 642 654 715; x_wconf 82' lang='lat' dir='ltr'>equidem</span> <span class='ocrx_word' id='word_1_26' title='bbox 689 646 840 714; x_wconf 77' lang='lat' dir='ltr'>put0,</span> <span class='ocrx_word' id='word_1_27' title='bbox 878 643 924 695; x_wconf 86' lang='lat' dir='ltr'>si</span> <span class='ocrx_word' id='word_1_28' title='bbox 958 641 1094 694; x_wconf 90' lang='lat' dir='ltr'>illud</span> <span class='ocrx_word' id='word_1_29' title='bbox 1129 641 1447 713; x_wconf 90' lang='lat' dir='ltr'>principium</span> <span class='ocrx_word' id='word_1_30' title='bbox 1483 640 1706 693; x_wconf 88' lang='lat' dir='ltr'>rationis</span> <span class='ocrx_word' id='word_1_31' title='bbox 1764 641 2027 696; x_wconf 90' lang='lat' dir='ltr'>sufficien-</span> 
     </span>
     <span class='ocr_line' id='line_1_6' title="bbox 143 732 2022 806; baseline -0.001 -18"><span class='ocrx_word' id='word_1_32' title='bbox 143 735 213 788; x_wconf 92' lang='lat' dir='ltr'>tis</span> <span class='ocrx_word' id='word_1_33' title='bbox 260 752 376 790; x_wconf 89' lang='lat' dir='ltr'>esse</span> <span class='ocrx_word' id='word_1_34' title='bbox 412 737 590 806; x_wconf 90' lang='lat' dir='ltr'>legem</span> <span class='ocrx_word' id='word_1_35' title='bbox 625 736 820 789; x_wconf 88' lang='lat' dir='ltr'>mentis</span> <span class='ocrx_word' id='word_1_36' title='bbox 863 753 896 788; x_wconf 90' lang='lat' dir='ltr'>a</span> <span class='ocrx_word' id='word_1_37' title='bbox 931 734 1215 806; x_wconf 79' lang='lat' dir='ltr'>posteriori</span> <span class='ocrx_word' id='word_1_38' title='bbox 1257 733 1345 787; x_wconf 88' lang='lat' dir='ltr'>vel</span> <span class='ocrx_word' id='word_1_39' title='bbox 1382 732 1765 787; x_wconf 87' lang='lat' dir='ltr'>consuetudine</span> <span class='ocrx_word' id='word_1_40' title='bbox 1817 733 2022 787; x_wconf 87' lang='lat' dir='ltr'>abstra-</span> 
     </span>
     <span class='ocr_line' id='line_1_7' title="bbox 145 828 1098 884; baseline -0.001 -2"><span class='ocrx_word' id='word_1_41' title='bbox 145 834 289 884; x_wconf 88' lang='lat' dir='ltr'>ctam</span> <span class='ocrx_word' id='word_1_42' title='bbox 318 847 444 884; x_wconf 83' lang='lat' dir='ltr'>cum</span> <span class='ocrx_word' id='word_1_43' title='bbox 478 828 680 883; x_wconf 89' lang='lat' dir='ltr'>Humio</span> <span class='ocrx_word' id='word_1_44' title='bbox 719 828 1098 884; x_wconf 80' lang='lat' dir='ltr'>contendisset.</span> 
     </span>
    </p>
   </div>
   <div class='ocr_carea' id='block_1_3' title="bbox 1022 1030 1180 1072">
    <p class='ocr_par' dir='ltr' id='par_1_3' title="bbox 1022 1030 1180 1072">
     <span class='ocr_line' id='line_1_8' title="bbox 1022 1030 1180 1072; baseline 0.006 -1"><span class='ocrx_word' id='word_1_45' title='bbox 1022 1030 1180 1072; x_wconf 72' lang='lat' dir='ltr'>XIV·</span> 
     </span>
    </p>
   </div>
   <div class='ocr_carea' id='block_1_4' title="bbox 145 1147 2029 1695">
    <p class='ocr_par' dir='ltr' id='par_1_4' title="bbox 145 1147 2029 1509">
     <span class='ocr_line' id='line_1_9' title="bbox 318 1147 2027 1225; baseline -0.002 -18"><span class='ocrx_word' id='word_1_46' title='bbox 318 1151 616 1225; x_wconf 89' lang='lat' dir='ltr'>Postquam</span> <span class='ocrx_word' id='word_1_47' title='bbox 651 1150 1029 1222; x_wconf 87' lang='lat' dir='ltr'>philosophiae</span> <span class='ocrx_word' id='word_1_48' title='bbox 1063 1148 1370 1204; x_wconf 88' lang='lat' dir='ltr'>Kantianae</span> <span class='ocrx_word' id='word_1_49' title='bbox 1417 1147 1742 1203; x_wconf 81' lang='lat' dir='ltr'>theoreticae</span> <span class='ocrx_word' id='word_1_50' title='bbox 1792 1152 2027 1221; x_wconf 82' lang='lat' dir='ltr'>systema</span> 
     </span>
     <span class='ocr_line' id='line_1_10' title="bbox 147 1241 2027 1317; baseline 0 -18"><span class='ocrx_word' id='word_1_51' title='bbox 147 1261 218 1299; x_wconf 88' lang='lat' dir='ltr'>ex</span> <span class='ocrx_word' id='word_1_52' title='bbox 250 1244 515 1317; x_wconf 82' lang='lat' dir='ltr'>primariis</span> <span class='ocrx_word' id='word_1_53' title='bbox 541 1243 785 1316; x_wconf 88' lang='lat' dir='ltr'>partibus</span> <span class='ocrx_word' id='word_1_54' title='bbox 824 1243 1000 1298; x_wconf 90' lang='lat' dir='ltr'>denuo</span> <span class='ocrx_word' id='word_1_55' title='bbox 1040 1241 1451 1307; x_wconf 79' lang='lat' dir='ltr'>construximus,</span> <span class='ocrx_word' id='word_1_56' title='bbox 1492 1259 1628 1312; x_wconf 89' lang='lat' dir='ltr'>quae</span> <span class='ocrx_word' id='word_1_57' title='bbox 1650 1242 1789 1296; x_wconf 92' lang='lat' dir='ltr'>inter</span> <span class='ocrx_word' id='word_1_58' title='bbox 1817 1260 1936 1298; x_wconf 85' lang='lat' dir='ltr'>eam</span> <span class='ocrx_word' id='word_1_59' title='bbox 1972 1248 2027 1299; x_wconf 91' lang='lat' dir='ltr'>et</span> 
     </span>
     <span class='ocr_line' id='line_1_11' title="bbox 145 1334 2029 1411; baseline -0.002 -16"><span class='ocrx_word' id='word_1_60' title='bbox 145 1338 510 1411; x_wconf 87' lang='lat' dir='ltr'>empirismum</span> <span class='ocrx_word' id='word_1_61' title='bbox 548 1336 848 1394; x_wconf 83' lang='lat' dir='ltr'>intercedat</span> <span class='ocrx_word' id='word_1_62' title='bbox 882 1337 1150 1391; x_wconf 87' lang='lat' dir='ltr'>interioris</span> <span class='ocrx_word' id='word_1_63' title='bbox 1186 1334 1595 1390; x_wconf 83' lang='lat' dir='ltr'>necessitudinis</span> <span class='ocrx_word' id='word_1_64' title='bbox 1650 1337 1789 1391; x_wconf 89' lang='lat' dir='ltr'>ratio</span> <span class='ocrx_word' id='word_1_65' title='bbox 1803 1378 1817 1403; x_wconf 86' lang='lat'>,</span> <span class='ocrx_word' id='word_1_66' title='bbox 1871 1337 2029 1392; x_wconf 88' lang='lat' dir='ltr'>facile</span> 
     </span>
     <span class='ocr_line' id='line_1_12' title="bbox 145 1437 625 1509; baseline -0.008 -17"><span class='ocrx_word' id='word_1_67' title='bbox 145 1437 396 1509; x_wconf 86' lang='lat' dir='ltr'>cognosci</span> <span class='ocrx_word' id='word_1_68' title='bbox 430 1440 625 1508; x_wconf 88' lang='lat' dir='ltr'>potest.</span> 
     </span>
    </p>

    <p class='ocr_par' dir='ltr' id='par_1_5' title="bbox 149 1525 2026 1695">
     <span class='ocr_line' id='line_1_13' title="bbox 300 1525 2026 1602; baseline -0.005 -17"><span class='ocrx_word' id='word_1_69' title='bbox 300 1529 530 1595; x_wconf 81' lang='lat' dir='ltr'>Etenim</span> <span class='ocrx_word' id='word_1_70' title='bbox 569 1546 731 1602; x_wconf 89' lang='lat' dir='ltr'>quum</span> <span class='ocrx_word' id='word_1_71' title='bbox 775 1527 1068 1584; x_wconf 89' lang='lat' dir='ltr'>secundum</span> <span class='ocrx_word' id='word_1_72' title='bbox 1103 1526 1365 1581; x_wconf 86' lang='lat' dir='ltr'>Kantium</span> <span class='ocrx_word' id='word_1_73' title='bbox 1399 1525 1599 1581; x_wconf 85' lang='lat' dir='ltr'>veritas</span> <span class='ocrx_word' id='word_1_74' title='bbox 1635 1525 1705 1578; x_wconf 91' lang='lat' dir='ltr'>sit</span> <span class='ocrx_word' id='word_1_75' title='bbox 1730 1541 2026 1578; x_wconf 90' lang='lat' dir='ltr'>consonan-</span> 
     </span>
     <span class='ocr_line' id='line_1_14' title="bbox 149 1609 2025 1695; baseline -0.002 -19"><span class='ocrx_word' id='word_1_76' title='bbox 149 1622 227 1679; x_wconf 86' lang='lat' dir='ltr'>tia</span> <span class='ocrx_word' id='word_1_77' title='bbox 263 1609 594 1695; x_wconf 31' lang='lat' dir='ltr'>‘cognitionis</span> <span class='ocrx_word' id='word_1_78' title='bbox 650 1639 773 1675; x_wconf 91' lang='lat' dir='ltr'>cum</span> <span class='ocrx_word' id='word_1_79' title='bbox 816 1620 1031 1693; x_wconf 87' lang='lat' dir='ltr'>legibus</span> <span class='ocrx_word' id='word_1_80' title='bbox 1088 1618 1473 1691; x_wconf 84' lang='lat' dir='ltr'>cognoscendi,</span> <span class='ocrx_word' id='word_1_81' title='bbox 1535 1619 1670 1673; x_wconf 89' lang='lat' dir='ltr'>haec</span> <span class='ocrx_word' id='word_1_82' title='bbox 1723 1634 1852 1672; x_wconf 83' lang='lat' dir='ltr'>vero</span> <span class='ocrx_word' id='word_1_83' title='bbox 1904 1635 2025 1672; x_wconf 93' lang='lat' dir='ltr'>con-</span> 
     </span>
    </p>
   </div>
   <div class='ocr_carea' id='block_1_5' title="bbox 142 1710 2027 1878">
    <p class='ocr_par' dir='ltr' id='par_1_6' title="bbox 142 1710 2027 1878">
     <span class='ocr_line' id='line_1_15' title="bbox 147 1710 2025 1785; baseline -0.002 -16"><span class='ocrx_word' id='word_1_84' title='bbox 147 1716 398 1771; x_wconf 85' lang='lat' dir='ltr'>sonantia</span> <span class='ocrx_word' id='word_1_85' title='bbox 433 1715 646 1770; x_wconf 92' lang='lat' dir='ltr'>nonnisi</span> <span class='ocrx_word' id='word_1_86' title='bbox 682 1715 740 1769; x_wconf 90' lang='lat' dir='ltr'>in</span> <span class='ocrx_word' id='word_1_87' title='bbox 775 1714 1132 1785; x_wconf 85' lang='lat' dir='ltr'>cognitionem</span> <span class='ocrx_word' id='word_1_88' title='bbox 1169 1713 1526 1767; x_wconf 88' lang='lat' dir='ltr'>necessariam</span> <span class='ocrx_word' id='word_1_89' title='bbox 1561 1713 1596 1765; x_wconf 92' lang='lat' dir='ltr'>i.</span> <span class='ocrx_word' id='word_1_90' title='bbox 1637 1730 1682 1767; x_wconf 78' lang='grc'><strong>6.</strong></span> <span class='ocrx_word' id='word_1_91' title='bbox 1720 1710 2025 1781; x_wconf 89' lang='lat' dir='ltr'>inteHigen-</span> 
     </span>
     <span class='ocr_line' id='line_1_16' title="bbox 142 1801 2027 1878; baseline -0.002 -15"><span class='ocrx_word' id='word_1_92' title='bbox 142 1808 275 1875; x_wconf 81' lang='lat' dir='ltr'>tiam</span> <span class='ocrx_word' id='word_1_93' title='bbox 307 1807 494 1862; x_wconf 85' lang='lat' dir='ltr'>cadat:</span> <span class='ocrx_word' id='word_1_94' title='bbox 531 1824 756 1871; x_wconf 90' lang='lat' dir='ltr'>summa,</span> <span class='ocrx_word' id='word_1_95' title='bbox 796 1806 853 1858; x_wconf 89' lang='lat' dir='ltr'>in</span> <span class='ocrx_word' id='word_1_96' title='bbox 891 1823 996 1878; x_wconf 89' lang='lat' dir='ltr'>qua</span> <span class='ocrx_word' id='word_1_97' title='bbox 1032 1809 1289 1875; x_wconf 87' lang='lat' dir='ltr'>tanquam</span> <span class='ocrx_word' id='word_1_98' title='bbox 1325 1801 1542 1855; x_wconf 86' lang='lat' dir='ltr'>cardine</span> <span class='ocrx_word' id='word_1_99' title='bbox 1569 1820 1663 1856; x_wconf 89' lang='lat' dir='ltr'>suo</span> <span class='ocrx_word' id='word_1_100' title='bbox 1688 1803 2027 1875; x_wconf 82' lang='lat' dir='ltr'>philosophia</span> 
     </span>
    </p>
   </div>
   <div class='ocr_carea' id='block_1_6' title="bbox 139 1895 2028 3282">
    <p class='ocr_par' dir='ltr' id='par_1_7' title="bbox 139 1895 2028 2904">
     <span class='ocr_line' id='line_1_17' title="bbox 142 1895 2024 1969; baseline -0.002 -13"><span class='ocrx_word' id='word_1_101' title='bbox 142 1900 421 1956; x_wconf 88' lang='lat' dir='ltr'>Kantiana</span> <span class='ocrx_word' id='word_1_102' title='bbox 454 1901 700 1969; x_wconf 82' lang='lat' dir='ltr'>vertitur,</span> <span class='ocrx_word' id='word_1_103' title='bbox 756 1899 1021 1954; x_wconf 89' lang='lat' dir='ltr'>sententia</span> <span class='ocrx_word' id='word_1_104' title='bbox 1079 1899 1214 1953; x_wconf 88' lang='lat' dir='ltr'>haec</span> <span class='ocrx_word' id='word_1_105' title='bbox 1263 1895 1513 1951; x_wconf 88' lang='lat' dir='ltr'>habenda</span> <span class='ocrx_word' id='word_1_106' title='bbox 1558 1900 1666 1949; x_wconf 89' lang='lat' dir='ltr'>est:</span> <span class='ocrx_word' id='word_1_107' title='bbox 1731 1897 2024 1968; x_wconf 85' lang='lat' dir='ltr'>quamlibet</span> 
     </span>
     <span class='ocr_line' id='line_1_18' title="bbox 143 1978 2026 2066; baseline -0.002 -17"><span class='ocrx_word' id='word_1_108' title='bbox 143 1978 504 2066; x_wconf 20' lang='lat' dir='ltr'>cognition-em</span> <span class='ocrx_word' id='word_1_109' title='bbox 540 1999 656 2048; x_wconf 93' lang='lat' dir='ltr'>tum</span> <span class='ocrx_word' id='word_1_110' title='bbox 695 1994 911 2048; x_wconf 90' lang='lat' dir='ltr'>demum</span> <span class='ocrx_word' id='word_1_111' title='bbox 949 2009 1069 2047; x_wconf 86' lang='lat' dir='ltr'>esse</span> <span class='ocrx_word' id='word_1_112' title='bbox 1105 2009 1291 2046; x_wconf 88' lang='lat' dir='ltr'>veram</span> <span class='ocrx_word' id='word_1_113' title='bbox 1329 2007 1392 2044; x_wconf 93' lang='lat' dir='ltr'>ac</span> <span class='ocrx_word' id='word_1_114' title='bbox 1442 1992 1668 2058; x_wconf 88' lang='lat' dir='ltr'>certam,</span> <span class='ocrx_word' id='word_1_115' title='bbox 1731 2006 1894 2061; x_wconf 89' lang='lat' dir='ltr'>quum</span> <span class='ocrx_word' id='word_1_116' title='bbox 1946 1990 2026 2045; x_wconf 90' lang='lat' dir='ltr'>in-</span> 
     </span>
     <span class='ocr_line' id='line_1_19' title="bbox 146 2082 2027 2156; baseline -0.002 -15"><span class='ocrx_word' id='word_1_117' title='bbox 146 2088 423 2142; x_wconf 91' lang='lat' dir='ltr'>tellectum</span> <span class='ocrx_word' id='word_1_118' title='bbox 460 2087 776 2156; x_wconf 76' lang='lat' dir='ltr'>habeamUS,</span> <span class='ocrx_word' id='word_1_119' title='bbox 804 2086 1100 2141; x_wconf 88' lang='lat' dir='ltr'>contrariae</span> <span class='ocrx_word' id='word_1_120' title='bbox 1139 2083 1439 2138; x_wconf 86' lang='lat' dir='ltr'>sententiae</span> <span class='ocrx_word' id='word_1_121' title='bbox 1478 2082 1858 2153; x_wconf 86' lang='lat' dir='ltr'>cogitationem</span> <span class='ocrx_word' id='word_1_122' title='bbox 1892 2084 2027 2155; x_wconf 87' lang='lat' dir='ltr'>legi-</span> 
     </span>
     <span class='ocr_line' id='line_1_20' title="bbox 145 2172 2028 2253; baseline -0.003 -17"><span class='ocrx_word' id='word_1_123' title='bbox 145 2172 267 2246; x_wconf 47' lang='lat' dir='ltr'>bus,</span> <span class='ocrx_word' id='word_1_124' title='bbox 284 2181 492 2252; x_wconf 87' lang='lat' dir='ltr'>logicae</span> <span class='ocrx_word' id='word_1_125' title='bbox 527 2197 847 2253; x_wconf 78' lang='lat' dir='ltr'>repugnare.</span> <span class='ocrx_word' id='word_1_126' title='bbox 922 2179 1114 2250; x_wconf 90' lang='lat' dir='ltr'>Itaque</span> <span class='ocrx_word' id='word_1_127' title='bbox 1151 2175 1386 2232; x_wconf 86' lang='lat' dir='ltr'>Kantius</span> <span class='ocrx_word' id='word_1_128' title='bbox 1422 2176 1487 2229; x_wconf 89' lang='lat' dir='ltr'>iis</span> <span class='ocrx_word' id='word_1_129' title='bbox 1524 2179 1733 2229; x_wconf 86' lang='lat' dir='ltr'>tantum</span> <span class='ocrx_word' id='word_1_130' title='bbox 1771 2175 2028 2246; x_wconf 87' lang='lat' dir='ltr'>cognitio-</span> 
     </span>
     <span class='ocr_line' id='line_1_21' title="bbox 143 2262 2024 2341; baseline -0.002 -13"><span class='ocrx_word' id='word_1_131' title='bbox 143 2262 302 2329; x_wconf 72' lang='lat' dir='ltr'>nibus</span> <span class='ocrx_word' id='word_1_132' title='bbox 339 2275 625 2331; x_wconf 84' lang='lat' dir='ltr'>veritatem</span> <span class='ocrx_word' id='word_1_133' title='bbox 661 2273 896 2329; x_wconf 86' lang='lat' dir='ltr'>vindicat</span> <span class='ocrx_word' id='word_1_134' title='bbox 934 2271 1272 2337; x_wconf 84' lang='lat' dir='ltr'>obiectivam,</span> <span class='ocrx_word' id='word_1_135' title='bbox 1319 2287 1449 2341; x_wconf 87' lang='lat' dir='ltr'>quas</span> <span class='ocrx_word' id='word_1_136' title='bbox 1490 2270 1707 2323; x_wconf 91' lang='lat' dir='ltr'>excluso</span> <span class='ocrx_word' id='word_1_137' title='bbox 1757 2270 2024 2324; x_wconf 88' lang='lat' dir='ltr'>contrario</span> 
     </span>
     <span class='ocr_line' id='line_1_22' title="bbox 144 2361 2027 2434; baseline -0.003 -12"><span class='ocrx_word' id='word_1_138' title='bbox 144 2368 264 2422; x_wconf 84' lang='lat' dir='ltr'>esse</span> <span class='ocrx_word' id='word_1_139' title='bbox 298 2367 603 2423; x_wconf 85' lang='lat' dir='ltr'>necessario</span> <span class='ocrx_word' id='word_1_140' title='bbox 658 2385 812 2422; x_wconf 90' lang='lat' dir='ltr'>veras</span> <span class='ocrx_word' id='word_1_141' title='bbox 862 2365 1226 2420; x_wconf 88' lang='lat' dir='ltr'>intelleximus</span> <span class='ocrx_word' id='word_1_142' title='bbox 1244 2405 1258 2434; x_wconf 85' lang='lat'>,</span> <span class='ocrx_word' id='word_1_143' title='bbox 1305 2379 1481 2434; x_wconf 90' lang='lat' dir='ltr'>neque</span> <span class='ocrx_word' id='word_1_144' title='bbox 1530 2363 1694 2417; x_wconf 90' lang='lat' dir='ltr'>etiam</span> <span class='ocrx_word' id='word_1_145' title='bbox 1741 2361 1807 2415; x_wconf 87' lang='lat' dir='ltr'>iis</span> <span class='ocrx_word' id='word_1_146' title='bbox 1825 2403 1839 2431; x_wconf 88' lang='lat'>‚</span> <span class='ocrx_word' id='word_1_147' title='bbox 1893 2379 2027 2433; x_wconf 86' lang='lat' dir='ltr'>quas</span> 
     </span>
     <span class='ocr_line' id='line_1_23' title="bbox 142 2455 2023 2534; baseline -0.003 -19"><span class='ocrx_word' id='word_1_148' title='bbox 142 2463 253 2517; x_wconf 85' lang='lat' dir='ltr'>non</span> <span class='ocrx_word' id='word_1_149' title='bbox 285 2460 646 2534; x_wconf 82' lang='lat' dir='ltr'>praecedente</span> <span class='ocrx_word' id='word_1_150' title='bbox 683 2459 1056 2531; x_wconf 86' lang='lat' dir='ltr'>intelligentia,</span> <span class='ocrx_word' id='word_1_151' title='bbox 1096 2458 1191 2511; x_wconf 90' lang='lat' dir='ltr'>sed</span> <span class='ocrx_word' id='word_1_152' title='bbox 1231 2461 1353 2511; x_wconf 89' lang='lat' dir='ltr'>actu</span> <span class='ocrx_word' id='word_1_153' title='bbox 1373 2456 1539 2510; x_wconf 89' lang='lat' dir='ltr'>animi</span> <span class='ocrx_word' id='word_1_154' title='bbox 1564 2456 1733 2510; x_wconf 88' lang='lat' dir='ltr'>nostri</span> <span class='ocrx_word' id='word_1_155' title='bbox 1754 2455 2023 2526; x_wconf 87' lang='lat' dir='ltr'>primitivo</span> 
     </span>
     <span class='ocr_line' id='line_1_24' title="bbox 141 2548 2027 2619; baseline -0.004 -9"><span class='ocrx_word' id='word_1_156' title='bbox 141 2556 180 2611; x_wconf 89' lang='lat' dir='ltr'>i.</span> <span class='ocrx_word' id='word_1_157' title='bbox 217 2573 263 2612; x_wconf 90' lang='grc'>6.</span> <span class='ocrx_word' id='word_1_158' title='bbox 303 2573 396 2611; x_wconf 88' lang='lat' dir='ltr'>eas</span> <span class='ocrx_word' id='word_1_159' title='bbox 428 2555 738 2610; x_wconf 90' lang='lat' dir='ltr'>immediate</span> <span class='ocrx_word' id='word_1_160' title='bbox 775 2554 1062 2608; x_wconf 90' lang='lat' dir='ltr'>comitante</span> <span class='ocrx_word' id='word_1_161' title='bbox 1099 2569 1256 2606; x_wconf 85' lang='lat' dir='ltr'>veras</span> <span class='ocrx_word' id='word_1_162' title='bbox 1293 2549 1494 2604; x_wconf 83' lang='lat' dir='ltr'>habere</span> <span class='ocrx_word' id='word_1_163' title='bbox 1530 2549 1786 2619; x_wconf 79' lang='lat' dir='ltr'>cogimur.</span> <span class='ocrx_word' id='word_1_164' title='bbox 1845 2548 2027 2611; x_wconf 86' lang='lat' dir='ltr'>Quare</span> 
     </span>
     <span class='ocr_line' id='line_1_25' title="bbox 144 2642 2026 2718; baseline -0.005 -13"><span class='ocrx_word' id='word_1_165' title='bbox 144 2653 207 2705; x_wconf 90' lang='lat' dir='ltr'>ut</span> <span class='ocrx_word' id='word_1_166' title='bbox 240 2649 344 2705; x_wconf 85' lang='lat' dir='ltr'>sibi</span> <span class='ocrx_word' id='word_1_167' title='bbox 378 2653 664 2718; x_wconf 86' lang='lat' dir='ltr'>constaret,</span> <span class='ocrx_word' id='word_1_168' title='bbox 711 2665 893 2702; x_wconf 90' lang='lat' dir='ltr'>omnes</span> <span class='ocrx_word' id='word_1_169' title='bbox 941 2663 1098 2701; x_wconf 87' lang='lat' dir='ltr'>veras</span> <span class='ocrx_word' id='word_1_170' title='bbox 1152 2645 1483 2716; x_wconf 90' lang='lat' dir='ltr'>cognitiones</span> <span class='ocrx_word' id='word_1_171' title='bbox 1540 2642 1612 2696; x_wconf 90' lang='lat' dir='ltr'>ad</span> <span class='ocrx_word' id='word_1_172' title='bbox 1661 2659 1753 2697; x_wconf 89' lang='lat' dir='ltr'>eas</span> <span class='ocrx_word' id='word_1_173' title='bbox 1789 2642 2026 2697; x_wconf 87' lang='lat' dir='ltr'>Kantius</span> 
     </span>
     <span class='ocr_line' id='line_1_26' title="bbox 139 2735 2028 2816; baseline -0.005 -17"><span class='ocrx_word' id='word_1_174' title='bbox 139 2743 375 2813; x_wconf 77' lang='lat' dir='ltr'>reduxit,</span> <span class='ocrx_word' id='word_1_175' title='bbox 409 2760 547 2816; x_wconf 90' lang='lat' dir='ltr'>quae</span> <span class='ocrx_word' id='word_1_176' title='bbox 583 2748 678 2797; x_wconf 88' lang='lat' dir='ltr'>aut</span> <span class='ocrx_word' id='word_1_177' title='bbox 714 2743 783 2796; x_wconf 90' lang='lat' dir='ltr'>ab</span> <span class='ocrx_word' id='word_1_178' title='bbox 820 2741 1020 2795; x_wconf 89' lang='lat' dir='ltr'>intuitu</span> <span class='ocrx_word' id='word_1_179' title='bbox 1056 2743 1151 2794; x_wconf 88' lang='lat' dir='ltr'>aut</span> <span class='ocrx_word' id='word_1_180' title='bbox 1187 2755 1221 2792; x_wconf 90' lang='lat' dir='ltr'>a</span> <span class='ocrx_word' id='word_1_181' title='bbox 1256 2736 1710 2792; x_wconf 83' lang='lat' dir='ltr'>demonstratione</span> <span class='ocrx_word' id='word_1_182' title='bbox 1739 2735 1849 2791; x_wconf 81' lang='lat' dir='ltr'>vim</span> <span class='ocrx_word' id='word_1_183' title='bbox 1874 2753 2028 2790; x_wconf 89' lang='lat' dir='ltr'>suam</span> 
     </span>
     <span class='ocr_line' id='line_1_27' title="bbox 141 2829 1932 2904; baseline -0.005 -12"><span class='ocrx_word' id='word_1_184' title='bbox 141 2837 500 2892; x_wconf 74' lang='lat' dir='ltr'>necessariam</span> <span class='ocrx_word' id='word_1_185' title='bbox 528 2836 818 2890; x_wconf 76' lang='lat' dir='ltr'>traherent.</span> <span class='ocrx_word' id='word_1_186' title='bbox 893 2833 1052 2888; x_wconf 89' lang='lat' dir='ltr'>Unde</span> <span class='ocrx_word' id='word_1_187' title='bbox 1086 2832 1292 2904; x_wconf 83' lang='lat' dir='ltr'>duplex</span> <span class='ocrx_word' id='word_1_188' title='bbox 1328 2830 1516 2885; x_wconf 86' lang='lat' dir='ltr'>statuit</span> <span class='ocrx_word' id='word_1_189' title='bbox 1553 2829 1769 2884; x_wconf 87' lang='lat' dir='ltr'>axioma</span> <span class='ocrx_word' id='word_1_190' title='bbox 1801 2829 1932 2884; x_wconf 87' lang='lat' dir='ltr'>hoc:</span> 
     </span>
    </p>

    <p class='ocr_par' dir='ltr' id='par_1_8' title="bbox 140 2921 2028 3186">
     <span class='ocr_line' id='line_1_28' title="bbox 326 2921 2028 3001; baseline -0.006 -16"><span class='ocrx_word' id='word_1_191' title='bbox 326 2932 381 2995; x_wconf 91' lang='lat'>1)</span> <span class='ocrx_word' id='word_1_192' title='bbox 418 2930 489 2985; x_wconf 91' lang='lat' dir='ltr'>ad</span> <span class='ocrx_word' id='word_1_193' title='bbox 544 2928 978 3001; x_wconf 86' lang='lat' dir='ltr'>cognoscendum</span> <span class='ocrx_word' id='word_1_194' title='bbox 1031 2925 1230 2998; x_wconf 84' lang='lat' dir='ltr'>requiri</span> <span class='ocrx_word' id='word_1_195' title='bbox 1288 2923 1691 2995; x_wconf 85' lang='lat' dir='ltr'>perceptionem</span> <span class='ocrx_word' id='word_1_196' title='bbox 1747 2926 1803 2977; x_wconf 89' lang='lat' dir='ltr'>et</span> <span class='ocrx_word' id='word_1_197' title='bbox 1854 2921 2028 2976; x_wconf 90' lang='lat' dir='ltr'>notio-</span> 
     </span>
     <span class='ocr_line' id='line_1_29' title="bbox 140 3015 2028 3088; baseline -0.006 -8"><span class='ocrx_word' id='word_1_198' title='bbox 140 3042 264 3080; x_wconf 87' lang='lat' dir='ltr'>nem</span> <span class='ocrx_word' id='word_1_199' title='bbox 300 3025 335 3078; x_wconf 84' lang='lat' dir='ltr'>i.</span> <span class='ocrx_word' id='word_1_200' title='bbox 375 3042 421 3082; x_wconf 82' lang='lat' dir='ltr'>e.</span> <span class='ocrx_word' id='word_1_201' title='bbox 459 3041 713 3079; x_wconf 70' lang='lat' dir='ltr'>sensuum</span> <span class='ocrx_word' id='word_1_202' title='bbox 750 3027 806 3077; x_wconf 90' lang='lat' dir='ltr'>et</span> <span class='ocrx_word' id='word_1_203' title='bbox 853 3021 1048 3076; x_wconf 88' lang='lat' dir='ltr'>mentis</span> <span class='ocrx_word' id='word_1_204' title='bbox 1093 3018 1452 3087; x_wconf 84' lang='lat' dir='ltr'>functionem,</span> <span class='ocrx_word' id='word_1_205' title='bbox 1501 3015 1814 3088; x_wconf 89' lang='lat' dir='ltr'>posthabita</span> <span class='ocrx_word' id='word_1_206' title='bbox 1864 3015 2028 3069; x_wconf 89' lang='lat' dir='ltr'>subli-</span> 
     </span>
     <span class='ocr_line' id='line_1_30' title="bbox 140 3117 882 3186; baseline -0.009 -9"><span class='ocrx_word' id='word_1_207' title='bbox 140 3118 298 3176; x_wconf 72' lang='lat' dir='ltr'>miori</span> <span class='ocrx_word' id='word_1_208' title='bbox 331 3118 558 3174; x_wconf 85' lang='lat' dir='ltr'>rationis</span> <span class='ocrx_word' id='word_1_209' title='bbox 594 3117 882 3186; x_wconf 80' lang='lat' dir='ltr'>facultate3</span> 
     </span>
    </p>

    <p class='ocr_par' dir='ltr' id='par_1_9' title="bbox 292 3202 2026 3282">
     <span class='ocr_line' id='line_1_31' title="bbox 292 3202 2026 3282; baseline -0.007 -13"><span class='ocrx_word' id='word_1_210' title='bbox 292 3213 375 3282; x_wconf 36' lang='lat'>12)</span> <span class='ocrx_word' id='word_1_211' title='bbox 411 3211 549 3267; x_wconf 89' lang='lat' dir='ltr'>nihil</span> <span class='ocrx_word' id='word_1_212' title='bbox 585 3228 703 3266; x_wconf 87' lang='lat' dir='ltr'>esse</span> <span class='ocrx_word' id='word_1_213' title='bbox 739 3210 795 3263; x_wconf 91' lang='lat' dir='ltr'>in</span> <span class='ocrx_word' id='word_1_214' title='bbox 830 3208 1124 3274; x_wconf 83' lang='lat' dir='ltr'>intellectu,</span> <span class='ocrx_word' id='word_1_215' title='bbox 1163 3204 1307 3278; x_wconf 92' lang='lat' dir='ltr'>quod</span> <span class='ocrx_word' id='word_1_216' title='bbox 1342 3221 1452 3259; x_wconf 90' lang='lat' dir='ltr'>non</span> <span class='ocrx_word' id='word_1_217' title='bbox 1502 3202 1778 3276; x_wconf 87' lang='lat' dir='ltr'>perceptio</span> <span class='ocrx_word' id='word_1_218' title='bbox 1836 3218 1907 3256; x_wconf 90' lang='lat' dir='ltr'>ex</span> <span class='ocrx_word' id='word_1_219' title='bbox 1941 3217 2026 3256; x_wconf 93' lang='lat' dir='ltr'>re-</span> 
     </span>
    </p>
   </div>
   <div class='ocr_carea' id='block_1_7' title="bbox 137 3297 2027 3540">
    <p class='ocr_par' dir='ltr' id='par_1_10' title="bbox 137 3297 2027 3540">
     <span class='ocr_line' id='line_1_32' title="bbox 137 3297 1699 3370; baseline -0.007 -6"><span class='ocrx_word' id='word_1_220' title='bbox 137 3307 242 3369; x_wconf 74' lang='lat' dir='ltr'>bus</span> <span class='ocrx_word' id='word_1_221' title='bbox 276 3305 622 3361; x_wconf 83' lang='lat' dir='ltr'>sensibilibus</span> <span class='ocrx_word' id='word_1_222' title='bbox 660 3305 826 3359; x_wconf 87' lang='lat' dir='ltr'>menti</span> <span class='ocrx_word' id='word_1_223' title='bbox 862 3301 1308 3358; x_wconf 89' lang='lat' dir='ltr'>considerandum</span> <span class='ocrx_word' id='word_1_224' title='bbox 1344 3297 1699 3370; x_wconf 85' lang='lat' dir='ltr'>praebuisset.</span> 
     </span>
     <span class='ocr_line' id='line_1_33' title="bbox 319 3387 2027 3457; baseline -0.009 0"><span class='ocrx_word' id='word_1_225' title='bbox 319 3398 800 3457; x_wconf 79' lang='lat' dir='ltr'>verumenimvero</span> <span class='ocrx_word' id='word_1_226' title='bbox 855 3397 923 3450; x_wconf 94' lang='lat' dir='ltr'>ab</span> <span class='ocrx_word' id='word_1_227' title='bbox 973 3396 1075 3450; x_wconf 90' lang='lat' dir='ltr'>hac</span> <span class='ocrx_word' id='word_1_228' title='bbox 1126 3394 1370 3449; x_wconf 88' lang='lat' dir='ltr'>doctrina</span> <span class='ocrx_word' id='word_1_229' title='bbox 1406 3396 1467 3445; x_wconf 93' lang='lat' dir='ltr'>ut</span> <span class='ocrx_word' id='word_1_230' title='bbox 1502 3389 1738 3446; x_wconf 87' lang='lat' dir='ltr'>Lockius</span> <span class='ocrx_word' id='word_1_231' title='bbox 1795 3387 2027 3454; x_wconf 83' lang='lat' dir='ltr'>differat,</span> 
     </span>
     <span class='ocr_line' id='line_1_34' title="bbox 1657 3486 1690 3540; baseline 0 0"><span class='ocrx_word' id='word_1_232' title='bbox 1657 3486 1690 3540; x_wconf 85' lang='lat'><strong>3</strong></span> 
     </span>
    </p>
   </div>
   <div class='ocr_carea' id='block_1_8' title="bbox 414 3551 439 3565">
    <p class='ocr_par' dir='ltr' id='par_1_11' title="bbox 414 3551 439 3565">
     <span class='ocr_line' id='line_1_35' title="bbox 414 3551 439 3565; baseline 0 -3"><span class='ocrx_word' id='word_1_233' title='bbox 414 3551 439 3565; x_wconf 60' lang='grc' dir='ltr'><strong>ρ</strong></span> 
     </span>
    </p>
   </div>
  </div>
 </body>
</html>
