2248 3828
1031 199 1095 250 17

115 355 195 396 >se
227 338 493 394 rationem
525 355 651 392 vere
689 337 1009 392 obiectivam
1045 351 1206 410 posse
1240 336 1496 407 intelligi3
1536 335 1680 407 quod
1712 334 1877 407 igitur
1914 334 2005 388 de-

118 432 333 502 negatis
369 431 453 500 iis,
492 431 921 502 quaeconsequi
957 449 1065 484 non
1101 447 1404 502 possumne,
1441 430 1679 484 animum
1715 428 1859 482 omni
1895 445 2006 482 om-

114 523 242 582 nino
278 522 538 578 facultate
576 521 909 575 destituisset
943 523 1112 576 ullam
1162 525 1525 594 cognitionem
1575 522 1838 578 obiective
1889 538 2006 575 rea-

113 616 221 680 lem
241 613 594 687 ‘acquirendi3
653 614 797 684 quod
846 631 1007 684 porro
1059 616 1232 686 ipsam
1269 617 1453 670 animi·
1486 621 1735 670 naturam
1788 618 1845 668 et
1899 615 2007 669 vim

115 711 435 766 non.‚totam
481 707 549 762 in*
587 707 1017 761 aestimationem
1075 708 1420 780 adduxisset3
1474 727 1543 763 ne
1598 709 1795 776 multa,
1864 706 2008 778 quod

119 802 502 865 dubitationes·
523 817 648 855 suas
682 800 764 869 iis,
802 818 939 872 quae
978 818 1106 855 casu
1144 803 1399 857 eveniunt
1438 813 1602 874 (quae
1638 819 1738 873 per
1758 799 2007 861 accidens

116 895 232 950 fleri
266 894 467 963 solent)
506 892 887 961 confirmasset,
926 911 1035 946 non
1071 912 1198 948 vero
1241 896 1513 967 principiis
1553 895 1794 967 probatis
1821 896 1910 963 1).7

113 1036 117 1037 ,
247 1027 251 1047 1-
287 989 467 1052 Quare
498 986 732 1040 Kantius
769 985 905 1040 nihil
942 987 1213 1059 antiquius
1252 1005 1309 1042 se
1345 989 1546 1043 habere
1598 989 1810 1061 putavit
1847 1000 2008 1059 quam

18 1143 23 1148 ,
113 1086 177 1145 ut
213 1082 581 1153 quaestionem
617 1079 685 1132 de
720 1079 930 1133 iudiciis
967 1081 1281 1151 syntheticis
1321 1099 1610 1154 eorumque
1646 1083 1700 1137 vi
1738 1081 2007 1137 obiectiva

115 1176 185 1239 ab
221 1167 423 1232 Humio
455 1174 511 1227 in
558 1175 808 1229 concreto
859 1179 1175 1244 conceptam
1224 1176 1522 1230 accuratius
1573 1176 1837 1244 solveret,
1888 1187 2010 1229 eam

115 1267 694 1340 quidemgeneraliter
729 1266 806 1319 sio
839 1284 1174 1337 expressam,-
1206 1273 1533 1336 quomodo
1584 1272 2010 1322 iudiciorum

114 1364 478 1432 ,tymaeus
516 1378 552 1414 a
582 1364 823 1429 priori
858 1362 1035 1426 fieri
1067 1370 1343 1429 posset,
1375 1364 1544 1432 atque
1585 1362 1654 1415 ad
1674 1362 1818 1416 hunc
1852 1361 2008 1418 finem

115 1455 423 1521 eambviam.
443 1455 623 1523 iniret,
663 1472 770 1526 qua
822 1454 1121 1508 doctrinam
1172 1472 1324 1508 suam
1373 1455 1647 1526 principiis
1699 1455 1864 1510 firmis
1910 1454 2011 1510 ful,-

113 1548 334 1617 siret-,232-

147 1660 170 1704 ,·,
207 1683 213 1704 -,
285 1640 379 1706 Ex.
411 1641 496 1696 his
536 1645 780 1712 apparet,
826 1640 1087 1694 Humium
1137 1657 1246 1698 uon
1291 1640 1463 1694 solum
1510 1657 1712 1710 magna
1758 1641 1816 1694 in
1852 1639 2003 1694 Kan-

116 1734 253 1798 ,tium
286 1735 528 1793 valuisse
567 1735 906 1802 auctoritate,
942 1734 1038 1787 sed
1059 1735 1223 1787 etiam
1251 1733 1479 1788 eandem
1509 1733 1622 1786 fere
1640 1734 1783 1789 inter.
1805 1737 2008 1787 utrum-

119 1844 226 1899 que
259 1827 469 1889 ¹exordii
504 1828 818 1899 petitionem
867 1827 1226 1906 intercedere,
1276 1827 1353 1880 ita
1399 1831 1460 1879 ut
1502 1826 1684 1887 ,dicere
1722 1827 2010 1897 possimne,

119 1920 380 1976 Kantium
432 1922 801 1993 quaestionem
863 1922 931 1974 ab
970 1920 1172 1974 Humio
1223 1920 1582 1991 significatam
1633 1919 1868 1991 quidem,
1918 1917 2014 1978 sed

119 2033 311 2086 parum
364 2019 614 2070 accurate
677 2016 983 2070 absolutam
1029 2015 1117 2069 vel
1166 2015 1344 2086 potius
1406 2015 1463 2067 in
1519 2015 1720 2068 incerto
1770 2014 2016 2068 relictam

118 2109 389 2181 recepisse
426 2112 808 2180 receptamque
844 2109 1007 2179 plane
1044 2125 1142 2178 pro
1188 2107 1350 2161 animi
1401 2106 1750 2161 facultatibus
1799 2107 2010 2160 solven-

120 2201 245 2256 dam
282 2201 382 2255 sibi
421 2202 690 2256 sumsisse.
1267 2210 1270 2216 '

934 2382 937 2383 ⁷
1005 2362 1150 2404 vn.

293 2478 631 2549 Quamquam
669 2477 929 2548 imprimis
963 2475 1303 2547 philosophia
1341 2474 1618 2527 Humiana
1654 2473 1843 2528 Kantii
1891 2493 2013 2546 pro-

118 2567 309 2629 blema
332 2572 647 2642 provocavit
670 2571 1073 2642 plurimumque
1107 2570 1164 2623 in
1195 2569 1310 2622 eius
1350 2567 1647 2620 doctrinam
1685 2568 2011 2622 constituen-

120 2663 261 2720 dam
312 2657 528 2737 iamque
598 2665 726 2719 inde
774 2662 860 2718 'ab
929 2664 1081 2717 initio
1151 2662 1488 2732 dirigendam
1547 2661 1745 2732 valuit3
1788 2694 1789 2697 =
1826 2666 2014 2716 tamen

119 2759 448 2816 etiam'alios
486 2758 776 2830 empirismi
813 2762 1070 2829 patronos
1122 2773 1284 2827 quum
1322 2755 1558 2824 Angliae
1611 2758 1725 2807 tum
1772 2753 2010 2809 Franco*-

118 2857 322 2929 galliae
353 2853 515 2907 ullius
550 2853 604 2906 in
653 2869 775 2906 eum
823 2851 991 2904 fuisse
1045 2849 1304 2902 momenti
1361 2852 1423 2900 ut
1470 2863 1732 2917 negemus
1777 2848 2007 2901 multum

117 2949 285 3005 abest.
361 2942 577 3002 Etenim
613 2963 711 3018 per
747 2962 807 2998 se
839 2944 1189 2997 manifestum
1225 2946 1334 3011 est,
1386 2959 1549 3012 quum
1588 2940 1775 2994 Humii
1817 2939 2012 2996 doctri—

117 3033 241 3099 nam
273 3058 351 3098 ex·
384 3041 691 3114 erupis-ismo
719 3040 857 3094 bene
894 3037 1260 3109 perspexisset
1295 3035 1610 3106 profectam,
1640 3045 1774 3088 'eum
1792 3037 2013 3089 'cetero-

115 3125 235 3194 rum
284 3149 496 3211 quoque
543 3134 941 3208 empiristarum
989 3124 1237 3186 notitiam
1292 3127 1548 3183 habuisse
1604 3146 1668 3182 ac
1728 3128 2010 3183 rationem.

436 3286 468 3293 -ο-

287 3311 350 3398 1)
367 3339 504 3384 itant.
538 3338 721 3396 „Kritik
752 3337 832 3381 der
860 3335 1016 3380 minen
1046 3330 1320 3386 Vernunft‘g
1350 3343 1455 3387 pag.
1487 3330 1590 3375 795.

214 3451 218 3454 Δ
294 3422 341 3478 2)
371 3418 528 3466 Εἰιιεά.
562 3419 923 3475 „Prolegomena
956 3414 1072 3458 etc.“
1101 3424 1207 3469 pag.
1239 3409 1423 3455 13-14,
